2792 4725
161 290 233 373 564
525 282 850 359 nussuu'rauto
871 282 909 351 V.
1008 347 1011 356 ,

160 468 236 549 cicc
254 463 400 547 δοξάζειν
422 464 551 531 Aristot.
574 462 640 531 Pol.
664 460 731 529 Vll.
757 462 791 539 2,
816 461 849 528 5.
872 457 935 529 οιίιι
956 464 991 538 ἐξ
1014 454 1155 535 εάθείαε
1173 473 1277 529 νοεῖν

161 569 247 641 άλλά
268 565 349 638 καθ’
376 562 572 657 ὑπερβατόν
599 567 697 631 strat.
728 563 812 631 Xttl.
843 563 918 630 585.
946 563 1011 651 την
1038 556 1210 643 άστάάειξιν
1235 566 1276 639 ἐξ

55 726 57 733 ,
162 670 301 750 εὐθείας
327 678 506 741 ποιεῖσθαι
532 668 639 733 Galen.
676 669 712 734 dc
734 668 848 743 Scmin.
872 666 911 731 Il.
939 666 978 745 1,
1000 665 1075 733 609.
1099 668 1137 731 Τ.
1160 666 1212 731 lv.
1237 670 1277 744 ἐξ

164 780 238 865 ἴσης
265 768 455 863 θαυμαστή
483 772 593 836 Julian.
619 770 672 835 Or.
696 769 723 834 1.
747 769 799 837 19.
821 770 859 835 Α.
884 780 944 835 etc.
975 789 1052 854 qnae
1067 770 1177 855 quiaa
1200 790 1277 854 pro·

163 882 228 967 prio
250 890 281 945 et
302 879 404 943 nativo
425 874 582 939 intellectu
611 874 822 949 desciverunt,
852 894 913 937 non
933 873 1060 957 anplius
1081 873 1183 957 quaeri
1215 873 1279 936 de-

162 984 226 1061 het,
250 982 325 1067 quod
340 999 456 1063 quoque
474 978 540 1042 loco
562 996 672 1049 nomen
695 977 838 1043 omissum
860 977 913 1052 sit,
935 978 994 1041 sed
1009 976 1056 1039 luis
1073 976 1280 1060 complemen-

162 1086 203 1151 tis
225 1096 287 1149 tum
310 1084 393 1147 locus
413 1081 485 1157 luit,
514 1095 604 1164 quum
619 1142 624 1151 ,
637 1078 774 1143 homines
798 1080 923 1163 proprie.
941 1077 1148 1163 loquerentur.
1191 1076 1279 1155 lam,

163 1198 199 1253 ut
222 1187 259 1251 ad
280 1183 464 1271 propositum
491 1182 632 1259 redeam,
663 1183 769 1247 codem
796 1182 883 1245 modo
911 1181 1022 1246 dicitur
1047 1179 1280 1266 προφθαδίην

165 1282 360 1378 οἷησρεάειν,
392 1282 553 1373 άντιβίην
586 1282 631 1371 (et
653 1280 813 1371 άντίβισν
836 1283 902 1349 σίνε
924 1281 1122 1369 ἐναντίβιον
1131 1283 1177 1367 ⁸⁰)
1206 1280 1280 1369 ἔρι’-

164 1394 245 1473 ζειν,
267 1385 426 1479 άμφασλίη
445 1412 479 1454 τι
501 1386 618 1476 ῥέζειν,
642 1384 815 1476 πασσυδίῃ
833 1384 1087 1475 προχέοντσῧῐ),
1108 1380 1279 1474 αὐτοσχε-

163 1491 241 1580 δίην
271 1488 409 1579 βάλλειν
439 1500 471 1553 et
500 1485 722 1580 αὐτοσχεδίην
756 1483 870 1576 ᾄδειν,
901 1499 1052 1575 postremo
1082 1486 1280 1579 κρυπταδίῃ

162 1587 354 1664 λανθάνειν
375 1592 502 1660 dlaxim.
531 1615 563 1657 v.
587 1591 662 1659 339.
692 1592 799 1677 quitus
827 1592 1011 1675 respondent
1038 1592 1202 1656 accusativi
1230 1592 1281 1656 la·

164 1699 222 1772 tini
236 1718 417 1783 perperam,
433 1697 648 1781 promiscam,
670 1693 833 1779 ίρϊσήααι,
856 1696 958 1771 σίίσε,
990 1705 1022 1759 ει
1040 1694 1093 1778 qni
1111 1696 1204 1779 su'pra
1225 1716 1281 1759 re·

165 1800 219 1865 lati
241 1810 313 1864 sunt
334 1798 426 1864 dativi
448 1796 623 1887 ιλαιμονιή,
643 1796 824 1915 θεσπεσίη
848 1794 1030 1887 άναχιιαίη.
1068 1796 1173 1881 Neque
1185 1816 1281 1861 cecus

47 1931 53 1953 ι
166 1902 351 1969 statuendo
373 1899 449 1991 ἐτεῇ
469 1901 594 1985 aliisque
622 1902 744 1978 dativis,
772 1902 822 1986 qui
843 1901 1053 1980 adverbiorum
1080 1900 1176 1964 locum
1199 1899 1281 1963 otti·

165 2016 309 2079 ruerunt,
334 2014 367 2067 ut
388 2000 518 2091 ὁμαλῆ
522 2003 552 2067 id
574 2012 621 2067 est
643 1998 881 2091 6jmov'.ldcsycl1
914 2004 992 2087 quod
1015 2003 1047 2067 ri
1075 2003 1111 2067 ah
1143 1998 1279 2089 ὁμαλής

165 2107 317 2193 provenit,
344 2126 410 2169 curn
437 2102 569 2193 ὁμαρτη
556 2104 840 2189 aequiparandum
858 2115 916 2187 ert,
934 2102 1058 2195 ἡσυχῆ,
1079 2101 1194 2191 λάθρη
1211 2116 1276 2169 cte.

166 2230 242 2294 quae
261 2208 362 2273 omnia
377 2208 467 2273 tacite
482 2210 706 2330 subsequuntur
726 2229 837 2273 nomen
858 2210 1002 2293 quoddam
1023 2208 1161 2271 feminini
1181 2228 1279 2292 genc-

165 2313 209 2378 ris
232 2312 297 2378 sive
318 2308 414 2400 χρεία
431 2312 497 2382 sive
518 2305 602 2399 τ’άχη
623 2310 689 2376 sive
711 2309 872 2398 δράσιε
845 2333 913 2376 mve
935 2304 1130 2386 διάθεσις
1105 2302 1172 2376 eruc
1193 2310 1278 2376 aliud

167 2415 254 2498 hujus
283 2414 456 2478 indefinitae
489 2413 718 2498 significationis
743 2415 941 2492 vocabulum,
980 2417 1066 2500 cujus
1100 2417 1277 2479 adumbrata

168 2517 251 2590 notio
276 2517 308 2580 in
330 2516 437 2598 animis
459 2517 585 2582 obscuro
608 2515 719 2592 haesit,
749 2518 966 2581 fornicantem
987 2510 1185 2595 animost,
1215 2539 1276 2602 qno

168 2619 274 2684 evenit
292 2629 327 2683 nt
355 2619 460 2684 iisdem
489 2619 645 2704 adjectivis
673 2640 735 2686 nou
756 2639 875 2704 semper
901 2620 980 2685 idem
1002 2622 1222 2686 substantivum
1244 2631 1278 2685 ct

167 2721 313 2805 aliquibus
342 2721 457 2794 nullum
485 2732 626 2789 accurate
654 2722 825 2788 conveniat.
873 2723 931 2788 Sed
947 2725 1011 2810 jam
1036 2747 1074 2789 eo
1093 2735 1277 2809 perventum

167 2835 226 2905 est,
256 2845 313 2909 quo
341 2824 422 2890 ultra
450 2825 579 2896 verebar
605 2825 644 2890 ne'
672 2825 797 2943 provehi
822 2847 887 2890 non
916 2826 1020 2891 liceat.
1065 2827 1279 2892 Doederliniuo

167 2928 285 3011 quidem
317 2926 350 2996 in
371 2926 448 3012 Syn.
471 2927 508 2994 Τ.
532 2925 557 2990 l.
584 2925 656 2996 120
687 2926 754 2992 sine
777 2928 839 2993 nlla
860 2928 1059 2994 haesitatione
1080 2930 1244 2993 affirmat
1228 2951 1279 2993 rn-

167 3029 291 3094 duricia
301 3029 496 3150 (ἐντρὲχεια)
510 3031 685 3097 femininum
695 3053 770 3097 esse
775 3031 916 3117 adjectivi
929 3007 1118 3108 σιιάάειιάαε,
1132 3053 1191 3115 qno
1205 3031 1277 3094 doto

156 3134 305 3208 ἱιἰιοσινσά,
330 3132 461 3218 decuria,
483 3135 651 3200 ιἀάοίονία
680 3146 712 3200 ct
732 3134 889 3199 similiter.
897 3134 1027 3218 figuram
1047 3136 1158 3198 codem
1180 3135 1277 3198 educa

167 3245 240 3319 pent
247 3259 258 3311 3
287 3234 416 3320 denique
437 3238 572 3302 uictoria
594 3257 710 3322 quoque
725 3237 857 3320 couno
878 3236 987 3301 similia
1009 3257 1119 3322 graeca
1139 3234 1278 3304 άιιεστο-

167 3333 237 3423 ρία,
253 3329 456 3424 άλασσὸρία,
478 3333 677 3426 α’ναιιτορία,
699 3337 846 3427 ἱστορία,
869 3340 1013 3426 ἱστορία,
1033 3340 1279 3405 termiuadoncn

167 3439 383 3525 adjectivorum
405 3441 528 3520 hahent,
550 3437 777 3531 οἷναιιτὸριοε,
790 3438 1013 3534 πρακτήριος,
1033 3435 1198 3532 ἱκετηρισιι
1214 3455 1277 3509 0²⁰·

168 3627 377 3644 1-—1-

237 3730 282 3794 80)
304 3729 350 3809 llis
363 3733 462 3784 neutris
476 3733 525 3785 niti
539 3735 643 3788 videtur
656 3736 932 3804 nurubrlrudlusqruvn
945 3737 1123 3804 conuectum
1138 3737 1279 3792 Sciaelaro

169 3799 229 3870 olim
243 3817 352 3885 probata
366 3820 399 3870 ad
412 3820 470 3871 Bos.
485 3836 511 3887 p.
526 3823 570 3873 45.
584 3829 612 3874 σι
626 3822 684 3874 578.
701 3818 739 3875 δι’
719 3818 886 3893 ια’ρθῆεσι
901 3824 997 3876 similit
1014 3825 1123 3892 dicipor
1142 3825 1279 3891 cuallaqen

169 3918 271 3968 generis
283 3901 382 3971 prod
361 3900 478 3975 ιάρθσο
493 3913 544 3958 etc.

175 4049 179 4077 r
237 4005 283 4072 81)
300 4007 469 4060 Αασισιιίτοε
483 3977 635 4081 ἀμφαδίην,
656 4012 723 4079 quod
735 4011 893 4066 Eurtnthins
911 4030 937 4081 ρ.
952 4012 1019 4078 dll,
1038 4013 1083 4069 40.
1097 4029 1156 4066 cunr
1171 4009 1280 4081 σχεδίην

169 4093 304 4162 componit,
324 4101 355 4148 'at
369 4090 521 4163 παασσδιην
543 4096 676 4166 impugnat
695 4097 864 4154 Wellanemr
881 4100 915 4154 ud
931 4099 1048 4169 Aqoltou.
1070 4099 1110 4153 11:
1130 4096 1208 4154 loll·
1228 4097 1273 4152 tlt.

170 4180 229 4234 105.
243 4196 271 4233 v.
284 4178 360 4234 Voce.
376 4181 408 4233 ad
421 4180 495 4234 Aret.
511 4180 571 4237 713.

302 4312 314 4344 0
