2792 4725
195 264 262 389 ⁸dil
564 312 897 383 utssuitrssto
924 315 950 383 i.
1023 338 1027 348 ¹

212 496 408 589 ὀφθαλμῶν
427 494 557 563 Herodo.
581 494 621 562 V.
647 493 703 561 18.
730 494 784 561 sed
803 490 1052 586 ῶψθαλμαλγὶα
1076 517 1139 563 uon
1162 496 1301 572 ltem,.ut

213 598 437 691 αεφαλαλγία,
461 597 630 688 ποδαλγία
654 609 715 663 eto.
758 597 814 663 His
837 619 899 662 nou
923 597 1020 663 multo
1042 600 1159 665 leuiora
1178 598 1302 664 ridentur

214 703 453 794 ἐμισγέσκοντο
476 702 585 787 Odyss.
608 701 684 765 XX.
708 699 741 763 7.
769 695 994 789 ἑδροντρόψος
1013 702 1142 769 Theoor.
1170 713 1202 768 et
1221 701 1303 767 divisa
1368 691 1369 694 ¹

215 805 294 885 ῶςτ’
319 803 391 873 ἐστί
419 803 509 887 Soph.
532 803 605 867 Oed.
630 803 667 867 G.
691 801 767 868 573.
797 798 878 877 ῶςνε
903 808 989 871 ἔστα
1019 805 1096 871 Plat.
1119 806 1213 890 Legg.
1234 801 1303 868 vtlt.

215 910 291 979 834.
316 910 355 973 D.
379 908 462 972 Stolo.
482 907 564 999 Flor.
585 905 744 971 LXXXV.
769 904 822 971 ts.
844 927 875 992 p.
896 905 974 984 487,
992 906 1047 972 21.
1069 910 1125 975 sed
1145 917 1248 975 oontrt
1265 924 1305 971 ot·

217 1034 328 1081 nouem
349 1032 411 1075 non
432 1018 567 1095 peooaut.
611 1006 699 1074 Nuno
720 1008 843 1074 vocales
864 1010 1028 1076 ordiemur.

725 1196 815 1282 oa-
1284 1181 1288 1187 ’

282 1315 634 1387 sohol.vou.11.xv11.
652 1315 730 1383 755.
748 1317 873 1405 ψαρῶν
887 1313 944 1385 dm*
959 1316 1025 1406 νῆν
1040 1315 1234 1408 εὐφωνίαν·
1254 1322 1311 1387 ἕνα

218 1425 255 1495 δὲ
281 1422 379 1511 (XVI.
407 1420 498 1505 583.)
525 1420 726 1494 κολοιούς
750 1415 892 1507 ψῆράς
917 1445 981 1497 ee,
1016 1424 1232 1507 quaereris,
1262 1421 1311 1485 nisi

219 1530 292 1593 ordo
312 1526 502 1610 perturbatus
518 1532 587 1602 est,
609 1520 666 1585 hoo
686 1522 876 1606 signilioant,
900 1524 1049 1609 propriam
1071 1524 1123 1590 vel
1145 1524 1312 1591 homerimu
1371 1563 1372 1580 ν

220 1629 349 1695 nominis
370 1628 495 1691 formem
518 1644 584 1689 esse
605 1622 741 1711 ψηρῶν,
763 1625 841 1709 quod
861 1646 993 1711 sequeus
1011 1626 1142 1707 Quintus
1160 1628 1226 1693 Cal.
1243 1626 1312 1692 Vlll.

220 1730 294 1797 387.
321 1730 429 1817 ψῆρες
450 1726 570 1811 scripsit
595 1736 628 1791 et
647 1725 705 1790 Xl.
727 1724 804 1793 218.
828 1724 964 1814 ψήρεσι.
1008 1730 1067 1795 Sed
1088 1731 1155 1816 puis
1178 1732 1234 1795 hoe
1252 1746 1315 1820 ψη·

219 1835 289 1923 ρῶν
310 1832 555 1897 ἱηννννίιιειαεεα
578 1830 679 1894 eredat
706 1851 792 1913 quam
817 1831 957 1915 θηρῶν,
985 1854 1044 1915 quo
1067 1844 1156 1918 poeto
1180 1835 1243 1918 ipse
1264 1832 1315 1896 uti·

220 1951 282 2015 tur,
305 1949 337 2003 et
358 1934 488 2023 πηρῶν,
510 1932 641 2021 μηρῶν,
663 1932 768 2017 quibos
788 1932 841 1997 alii
861 1934 1005 2019 plorimi?
1030 1933 1077 1999 Ad
1098 1936 1231 2019 priorem
1250 1956 1316 2000 vero

220 2043 319 2108 looum
345 2041 402 2104 hoe
427 2039 599 2102 adnotatum
628 2044 690 2097 este
731 2034 846 2120 ψῆρας
871 2034 926 2103 δια
951 2033 991 2104 ed
1015 2030 1222 2125 αανόψανον
1245 2032 1317 2110 ταῶς

220 2145 352 2233 ψᾶρας·
393 2146 460 2206 ἐκεῖ
483 2138 520 2204 δὲ
542 2134 586 2211 ῶς
606 2133 644 2202 ed
666 2137 834 2223 ψαρῶν·
872 2134 975 2222 αῶμιν
998 2140 1070 2226 (sio)
1094 2135 1225 2233 ξηρῶνῃ
1248 2138 1319 2209 οὐδὲ

219 2242 383 2333 θερμήνῃ
402 2240 523 2329 φησίν·
547 2239 657 2305 vitiose
675 2239 792 2322 quidem
813 2242 956 2327 seriptum
977 2264 1031 2328 pro
1052 2246 1120 2310 seer
1136 2242 1174 2311 δὲ
1191 2243 1318 2333 ψαρῶν,

223 2347 267 2424 ῶς
289 2343 383 2434 αἶψ’
405 2333 640 2432 α’γξηρνῖνῃ,
663 2336 768 2418 αὖθις
789 2334 827 2410 δὲ’
846 2337 1066 2437 θερμήνῃ,
1093 2348 1147 2411 sed
1168 2348 1319 2412 manifesta

223 2463 324 2517 tamen
341 2447 510 2514 sententia:
535 2441 607 2533 ψῶρ
629 2455 661 2510 et
677 2445 785 2534 ψᾶρες
798 2447 961 2532 Antiphon.
975 2451 1087 2514 Athen.
1101 2449 1139 2513 ll.
1155 2448 1212 2516 85.
1228 2451 1264 2514 Ε.
1280 2450 1320 2532 ¹⁹)

225 2554 360 2622 nativum
382 2569 461 2628 esse,
485 2549 537 2612 sed
559 2569 612 2633 pro
629 2549 745 2634 ψᾶρας
762 2551 820 2614 dioi
838 2551 962 2638 ψῆρας,
985 2573 1024 2616 oe
1041 2553 1100 2616 duo
1118 2551 1258 2639 deinceps
1273 2573 1321 2616 au·

223 2657 344 2723 diantur
368 2651 472 2737 alpha,
503 2651 582 2716 siout
608 2647 734 2742 ξηρήνῃ
759 2664 881 2738 propter
906 2654 1018 2738 triplex
1038 2679 1060 2741 η
1085 2664 1231 2719 mutatum
1259 2673 1321 2718 esse

223 2762 256 2826 in
277 2748 415 2846 ξηρῶνρ.
458 2754 511 2818 llis
532 2753 645 2838 laqueis
667 2754 775 2819 eallide
796 2777 829 2820 se
851 2757 1005 2840 expedivit
1025 2755 1141 2822 Gellius
1160 2757 1247 2821 Xlll.
1269 2754 1319 2822 21.

224 2862 386 2927 Homerum
407 2857 559 2922 affirmans
586 2867 618 2922 et
641 2878 731 2941 quum
752 2858 866 2946 ψῆρας
887 2859 1002 2923 dioeret
1027 2870 1059 2924 et
1083 2880 1172 2945 quum
1193 2858 1323 2948 ψαρῶν,

224 2973 381 3050 sequutum
405 2980 551 3024 essenon
570 2980 757 3025 communem
778 2962 830 3026 sed
847 2961 995 3044 propriam
1016 2963 1049 3026 in
1066 2983 1243 3047 quoeunque
1261 2961 1323 3025 loeo

223 3065 308 3134 voois
326 3062 562 3149 jucunditatem,
599 3083 669 3126 uam
689 3073 790 3125 utrum
811 3073 956 3128 mutatum
977 3063 1036 3140 sit,
1066 3064 1099 3126 in
1120 3064 1257 3150 ambiguo
1278 3084 1324 3128 re·

225 3167 352 3253 linquit,
381 3161 433 3230 sed
455 3164 573 3229 nescire
595 3185 634 3228 ue
655 3163 812 3242 videatur,
840 3177 1052 3230 asseveranter
1071 3166 1168 3230 addit:
1201 3168 1234 3230 ei
1251 3166 1325 3230 olte-

225 3291 295 3336 ηραν
315 3271 349 3334 in
370 3268 501 3332 alterius
521 3268 588 3331 loeo
603 3288 721 3352 ponor,
745 3278 909 3354 utrumque
921 3266 1047 3350 feceris
1063 3269 1169 3331 sonitu
1187 3270 1323 3332 ι’πννναα.

226 3373 271 3438 Ao
293 3371 329 3436 de
351 3369 466 3456 graecis
489 3391 604 3455 quoque
625 3370 746 3434 Hmneri
768 3370 993 3454 interpretibus,
1016 3369 1202 3457 quiapropter
1223 3371 1321 3456 Epigr.

227 3475 337 3559 Adesp.
363 3471 550 3550 CCCCXVL
585 3470 692 3536 Galen.
719 3473 755 3536 de
777 3471 847 3536 Fae.
878 3472 980 3556 Simpl.
1012 3473 1090 3536 Med.
1115 3471 1166 3535 lll.
1189 3470 1228 3549 6,
1252 3470 1323 3536 551.

227 3577 265 3642 Τ.
281 3575 338 3640 Xl.
361 3574 479 3640 Aeliao.
499 3574 537 3637 ll.
553 3574 634 3638 Anu.
650 3573 735 3638 XVl.
757 3572 788 3639 3.
813 3575 877 3656 (ubi
897 3575 1050 3639 Jacobsius
1070 3565 1206 3660 ψῶραας
1226 3573 1325 3655 edidit)

226 3678 350 3766 perinde
378 3687 413 3741 ut
433 3675 553 3762 Κᾶρας
581 3686 613 3739 et
638 3675 786 3760 legissent
806 3677 978 3760 saepissime
1006 3686 1038 3740 et
1062 3677 1118 3760 ipsi
1138 3677 1182 3740 ita
1203 3675 1326 3762 appella·

182 3855 185 3866 p
227 3792 310 3858 rent,
333 3779 441 3844 mirum
460 3789 519 3856 est,
537 3777 615 3842 unde
634 3778 717 3842 illam
736 3779 888 3844 traxerint
903 3777 1114 3862 suspicionem,
1137 3800 1227 3863 quum
1243 3796 1327 3866 prae·

228 3882 334 3950 sertim
368 3892 454 3968 poeta
481 3883 584 3946 urbem
613 3873 729 3966 Φηρήν
755 3880 882 3965 appellet
911 3879 946 3944 ll.
975 3880 1014 3943 V.
1043 3879 1117 3946 543.
1153 3903 1242 3967 quam
1266 3880 1327 3964 ipse

229 3985 300 4052 alibi
320 3978 432 4074 Φηράς
452 3993 559 4062 vocat,
583 3980 746 4048 Dorienses
768 3994 867 4048 autem
892 3975 1018 4072 Φαράς.
1055 3981 1204 4068 iidemque
1224 3973 1327 4070 θήρα,

231 4123 442 4140 m

302 4207 347 4276 tt)
363 4196 484 4262 Veterem
501 4209 616 4263 mendam
634 4180 725 4278 pulpae
736 4208 994 4274 Solwoiplseoeems
1010 4207 1092 4259 louet.
