2792 4725
290 325 349 393 un
378 323 936 430 lntuur.1nnon1u.c.11.
966 327 995 411 p.
1020 285 1052 392 1.
1159 327 1231 398 eor
1305 279 1308 287 Α

116 506 233 587 erico,
256 505 335 568 uude
357 525 467 569 nomen
488 501 609 569 ‹lucitur
630 505 734 568 eodem
756 505 913 571 intellectu
934 504 1028 591 κνίζη
1048 506 1136 591 (fort.
1159 531 1228 576 ννι·

117 604 172 695 ζὴ)
194 631 246 682 τις
265 601 330 693 ἤδη
350 607 407 672 καὶ
426 605 571 692 πέπειροι
591 603 735 694 γίνομαι
754 610 867 672 Anser.
885 607 1004 695 Frugm.
1028 609 1124 673 XLV.
1149 613 1226 694 quod

116 714 221 798 Etym.
255 709 298 772 M.
322 731 352 793 p.
376 707 459 786 523,
493 706 544 773 10.
568 731 635 774 cum
657 707 779 792 ννύζα,
809 703 919 790 ννύα,
948 711 1076 775 confert.
1104 713 1226 798 Proprie

117 817 212 900 igitur
234 809 355 897 κνέοαρ
377 811 526 895 significet
547 808 697 898 ρύσημα,
720 814 899 898 generisque
913 814 1049 891 neutrius
1065 823 1123 878 est.
1142 809 1224 902 ”Ono

117 929 154 981 ut
174 910 341 1001 σονηορος
361 915 397 976 ab
417 911 503 998 α’έρα
525 914 645 978 doctum
668 915 841 980 Eustuthins
873 937 900 1000 p.
923 913 998 991 754,
1022 914 1076 981 26.
1100 918 1225 982 duorum

118 1039 264 1105 generum
286 1037 355 1080 esse
382 1018 470 1080 etde
492 1017 600 1081 morito
630 1039 747 1102 quoqne
769 1018 826 1082 dici
848 1017 985 1082 affirmat.
1033 1018 1076 1082 De
1098 1020 1222 1098 duobus,
1317 1067 1341 1090 -.

117 1142 194 1206 quae
215 1130 345 1195 restant,
370 1118 491 1182 Plotius
514 1118 589 1183 Cod.
618 1119 813 1184 tutxxtx.
827 1117 902 1184 866.
925 1119 1013 1183 offert
1032 1119 1157 1185 Helladii
1175 1124 1225 1208 jn·

117 1224 240 1299 tioium,
262 1219 286 1308 ἦ
306 1213 435 1308 μάκαρ,
458 1221 554 1308 φησί,
575 1215 731 1309 μονήρης
751 1222 822 1288 ἐστὶ
838 1222 921 1298 λέξις
937 1221 992 1288 να1
1012 1225 1137 1298 ἐντοῖς
1153 1231 1224 1310 θη-

118 1328 235 1400 λυκοῖς
256 1323 295 1391 τό
313 1316 452 1412 δάμαρ,
475 1323 561 1410 cujus
582 1324 747 1389 obsoletior
772 1326 868 1389 formu
889 1321 1048 1411 δόμοροις
1068 1328 1144 1410 epol
1166 1327 1225 1393 lle·

116 1429 254 1515 sychium
276 1437 424 1490 remanet.
467 1425 534 1490 lam
563 1427 709 1510 expositis
739 1428 890 1491 nominum
920 1428 954 1492 in
982 1415 1223 1514 epexenntiom

117 1530 283 1614 exemplis,
314 1538 460 1612 quotquot
487 1529 615 1612 reperiri
643 1539 823 1613 potuerunt,
854 1551 1042 1616 consequens
1063 1527 1111 1596 e'st
1132 1543 1166 1596 ut
1187 1533 1223 1596 dc

116 1632 332 1716 compositione
354 1629 462 1694 dicam.
508 1631 604 1712 Quum
637 1643 737 1696 autem
766 1653 873 1717 mogun
901 1653 970 1717 pnrs
996 1633 1101 1696 horum
1129 1635 1224 1699 nomi·

114 1757 187 1800 num
208 1732 427 1799 indeclinabilis
448 1733 501 1810 sit,
525 1753 630 1798 eorum
652 1755 740 1810 vero,
765 1755 839 1818 quoe
859 1735 1059 1812 declinantur,
1082 1735 1223 1822 pleraque

114 1841 148 1903 in
171 1837 305 1924 genitivo
327 1856 383 1922 pro
404 1834 460 1898 rho
482 1857 523 1900 ex
546 1836 626 1900 affini
648 1836 861 1900 terminatione
878 1822 924 1911 ἷς
946 1837 1134 1921 susceperint
1155 1837 1223 1907 tito·

114 1962 181 2005 rom
203 1951 255 2005 ten
275 1961 309 2004 v.
329 1938 447 2002 Aneccl.
471 1937 567 2002 Bekk.
590 1936 728 2023 ρ.1174.
754 1959 815 2005 nou
834 1939 1000 2002 mirandum
1022 1950 1080 2016 est,
1104 1961 1223 2025 compo·

115 2045 243 2108 sitorum
265 2062 334 2106 esse
349 2040 675 2126 uumerumexigoum
699 2038 893 2128 δύςδαμαρ,
913 2032 1119 2127 πέμμακαρ,
1144 2037 1222 2108 α’πι-

114 2146 247 2231 σθέναρ
269 2156 301 2209 et
320 2141 512 2229 ὑποθέναρ,
535 2164 611 2230 quoe
625 2164 674 2228 op.
693 2142 800 2207 Galen.
820 2142 934 2228 lsngog.
949 2144 992 2206 X.
1003 2142 1077 2236 7114.
1089 2143 1125 2207 T.
1134 2143 1219 2208 XIV.

115 2250 184 2313 llnl.
203 2248 278 2332 Epl.
295 2248 330 2310 de
343 2247 425 2310 Part.
443 2243 534 2331 p.38.
550 2244 674 2309 Poll.ll.
687 2243 759 2309 143.
778 2246 833 2309 tx.
846 2243 920 2312 126.
943 2253 1129 2330 paroxytoua
1150 2250 1222 2310 sunt

117 2363 287 2438 propterea,
311 2360 394 2434 puto,
417 2348 486 2433 qnia
499 2348 573 2414 hoec
595 2359 643 2413 est
656 2348 822 2433 parathesis
837 2349 934 2433 potius
950 2369 1035 2432 ροοοι
1052 2347 1218 2434 synthesis,

115 2456 297 2537 eandemque
313 2454 349 2516 ob
363 2473 480 2515 consum
493 2463 710 2536 nonrepugnat
723 2449 859 2536 regulae,
875 2471 950 2535 quoe
964 2461 1072 2515 neutra
1086 2452 1221 2515 excludit

115 2555 216 2621 Schol.
241 2555 277 2617 ll.
301 2557 347 2623 A.
366 2553 418 2619 53.
442 2555 595 2640 ἐννῆμαρ
615 2554 715 2643 ἐχρῆν
729 2545 1010 2640 προπαροξύναν,
1033 2547 1104 2619 o’tt'
1125 2548 1221 2620 ὀτό-

115 2681 177 2731 νος
190 2655 408 2756 παρηλλοέηη,
433 2656 506 2723 ἐπεὶ
527 2657 584 2722 ναὶ
601 2656 677 2743 ξένη
699 2653 722 2741 η’
741 2655 920 2729 σύνθεσις·
945 2651 1045 2721 οὐδὲν
1064 2630 1128 2743 γέρ
1149 2656 1219 2723 τῶν

111 2764 159 2834 clo
183 2784 226 2846 ορ
264 2759 432 2845 συνετέθη
463 2756 660 2845 οὐδετέρων.
714 2759 868 2843 Quumque
895 2758 1024 2841 simplex
1052 2757 1219 2822 declinetur

110 2849 212 2949 perp,
240 2861 303 2927 τοῦ
328 2862 477 2948 θέναρος
504 2860 611 2925 Golen.
646 2862 683 2925 tle
706 2859 758 2927 Us.
787 2861 870 2924 Part.
893 2858 918 2923 l.
945 2858 998 2936 17,
1022 2859 1075 2923 54.
1101 2859 1138 2922 Τ.
1162 2857 1214 2923 111.

111 2976 143 3029 et
164 2965 202 3028 ll.
226 2964 259 3029 3.
283 2963 337 3029 93.
360 2977 433 3038 τοῖς
453 2963 620 3050 θέναραιν
644 2961 682 3028 11.
707 2962 740 3039 9,
765 2961 839 3029 127.
860 2962 977 3027 lirinus.
1003 2962 1039 3025 de
1053 2961 1164 3026 Lnxnt.
1176 2960 1214 3027 11.

113 3067 186 3135 142.
211 3070 259 3133 ed.
294 3067 403 3131 Cocch.
435 3078 534 3131 temen
562 3067 638 3150 opud
659 3064 840 3150 Hesychium
862 3063 1122 3150 Παραηθέματα
1144 3062 1216 3145 (sic)

110 3171 153 3237 cc*
172 3166 266 3256 παροέ
290 3166 330 3235 τὸ
350 3168 481 3259 θέναρ,
509 3170 681 3233 rescribunt
708 3165 961 3254 παραιθένατο.
1007 3166 1161 3230 Postremo
1182 3165 1215 3229 in

109 3294 203 3338 versu
225 3272 376 3337 homerico
398 3277 435 3339 ἐν
462 3268 562 3359 καρὸς
588 3274 671 3362 einp
697 3269 835 3334 nonnulli
862 3272 1001 3357 ἔηναρος
1020 3268 1215 3352 scripserunt,

109 3396 235 3459 eumque
257 3374 423 3460 genitivum
453 3395 521 3439 esse
543 3374 606 3440 τοῦ
634 3375 758 3461 cyneo,
780 3392 834 3457 pro
864 3392 922 3455 quo
944 3371 1083 3437 usitatius
1111 3370 1169 3435 (lici
1197 3366 1216 3435 t

109 3482 250 3568 ἔηναρος
272 3500 304 3542 v.
327 3476 465 3541 Eustctlt.
483 3498 512 3561 p.
522 3474 598 3552 757,
620 3474 675 3540 35.
699 3476 749 3561 qui
772 3496 839 3539 cum
861 3473 907 3537 his
928 3494 1032 3559 porum
1054 3483 1121 3557 uptc
1142 3472 1215 3536 sim·

108 3578 196 3663 plicia
216 3571 391 3667 μάρτυρος
421 3590 453 3645 et
472 3575 660 3665 οἷλάοτορος
690 3578 855 3642 contendit.
900 3576 987 3659 Isque
1010 3576 1139 3640 nominis
1160 3576 1214 3641 lie·

108 3702 169 3746 xus
189 3683 230 3754 etl
250 3683 485 3767 componendum
509 3681 647 3745 habilior.
691 3679 894 3765 Agentilicio
916 3670 995 3764 Ke'p
1018 3679 1213 3763 compositum
1276 3714 1278 3721 ·

105 3778 287 3871 'Eniucpor
317 3784 406 3848 affert
435 3784 542 3849 Strabo
570 3783 651 3848 Vlll.
679 3782 755 3847 374.
782 3778 806 3868 ἦ
829 3776 1032 3868 Ἐπίδαυρος
1061 3780 1211 3848 ἐκαλεῖτο

95 3878 295 3975 ,Ἐπέναρορ
301 3883 453 3980 φηοὶηοῖρ
458 3882 687 3975 Ἀριστοτέλης
693 3898 874 3977 κατασχεῖν
882 3881 1124 3975 αὐτηνΚᾶρας.
1137 3878 1211 3952 Boi·

105 4144 155 4179 cuo
172 4136 302 4196 repetunt,
329 4137 359 4181 ot
379 4144 400 4181 n.
412 4144 471 4181 creo
488 4129 594 4192 creber,
613 4126 682 4185 ullu
699 4130 759 4205 clup
777 4128 920 4182 celeberr.
948 4126 1074 4192 Scaliger.
1093 4123 1207 4191 Coniect.

91 4214 130 4283 ‚in
150 4213 264 4267 Verrcu.
286 4232 311 4284 p.
332 4213 375 4268 57.
395 4216 436 4267 etl.
455 4216 511 4284 Bip.
582 4213 587 4228 ‘
