2792 4725
187 330 260 399 W
427 400 431 405 ,
482 378 485 383 -
541 316 864 398 4λλλὸθλλλλἋλῚθ
884 329 949 399 111.

118 582 124 589 ,
187 513 299 592 elo.²⁰)
334 508 497 596 liueoipue
511 532 586 576 vero
607 512 666 575 cluo
686 513 808 577 nomina
822 507 942 601 ῥύγχος
963 522 996 575 et
1008 511 1118 602 χεῖλος
1136 512 1194 579 huo
1210 514 1305 579 inoli-

190 622 284 676 nontz
306 608 507 704 βοάρυγχος,
522 608 738 703 κυκάρυγχος,
754 610 1031 703 κλυδυρόρυγχος,
1052 610 1303 705 μακρόρυγχος,

190 706 379 805 ὀξύρυγχος,
402 710 645 804 πλυτοίρυγχος,
668 714 935 807 φοινικάρυγχος,
956 713 1163 807 βυρκίχειλος,
1178 713 1304 809 λσόχει-

188 819 246 892 λος
258 817 370 910 ίίοοχηι.Ι
388 817 458 881 Xll.
481 817 534 893 19,
557 816 591 881 l.
619 812 842 911 χεράςχειλος,
868 815 1064 909 λαγοίχειλος
1084 818 1191 883 Galen.
1215 820 1298 885 lutr.

188 914 325 987 111681.
337 920 372 983 T.
384 919 468 983 xlv.
491 913 724 1011 εκολιόχεελος,
742 921 942 1012 ῳοξίχειλος,
963 922 1032 985 etin
1049 922 1133 985 noll.
1141 922 1235 987 Arist.
1251 923 1298 986 H.

188 1025 227 1087 A.
240 1022 374 1098 tv.4‚3.
398 1015 593 1112 λεκκόχειλυ
610 1035 642 1088 et
661 1018 857 1114 πυχύχειλυ,
880 1024 1121 1107 homericumqne
1145 1016 1301 1114 ίυνεάχι-

187 1129 241 1194 λοι
260 1124 398 1189 nonnulli
417 1124 609 1209 interpretnti
629 1137 702 1190 sunt
722 1128 950 1217 ἐυυευχειλεῖς.
996 1128 1053 1191 Setl
1075 1146 1167 1191 unum
1185 1147 1226 1190 ex
1244 1128 1299 1191 his

189 1230 336 1293 Homerus
364 1228 401 1290 od
433 1228 556 1311 primam
585 1228 710 1293 ‹lellexit
736 1230 965 1295 declinationem
993 1228 1106 1293 Aneod.
1137 1226 1295 1313 puteo.

187 1327 232 1404 ἀς
253 1324 347 1414 πυροί
370 1326 411 1395 οδ
434 1329 527 1417 ῥῖγος
551 1327 681 1416 γίνεται
710 1325 861 1419 δύςριγος
893 1331 950 1399 καλ
977 1329 1070 1417 πυροί
1097 1328 1136 1397 κδ
1158 1324 1298 1418 Ιθοίρσος

186 1431 385 1518 Ἀλιθέρσης
407 1431 465 1497 καλ
486 1428 578 1517 πυροί
598 1428 639 1497 κδ
659 1430 755 1518 ξίφος
779 1428 917 1521 ἀξιφος,
940 1429 1029 1500 οὕτω
1057 1432 1115 1500 κοί
1135 1429 1228 1519 πυροί
1249 1430 1296 1499 τὸ

186 1536 295 1625 χεῖλος
319 1529 550 1624 ἀγκυλόχεκλος
572 1530 745 1601 οάυθετου
765 1536 820 1603 κοιλ
842 1533 963 1603 λοιπδυ
983 1530 1052 1603 ἀπὸ
1073 1526 1199 1601 τούτου
1219 1560 1295 1601 ποκ-

188 1628 404 1725 ρυοάνθεεου
426 1632 678 1725 ἀγκυλοχείλης,
707 1633 945 1729 ἀγκυλοχείλου
954 1687 967 1718 ,
989 1638 1066 1721 quod
1087 1636 1138 1722 qui
1165 1629 1293 1725 οχηλή

187 1740 382 1825 compositum
413 1749 530 1822 putant,
559 1738 820 1822 reprehenduntur
846 1743 883 1804 nb
905 1741 1005 1826 Etpm.
1035 1740 1078 1803 Μ.
1109 1759 1138 1822 p.
1172 1737 1230 1814 11,
1252 1737 1290 1802 3.

186 1843 313 1907 Brevius
334 1840 441 1905 smol.
470 1839 507 1903 Il.
537 1840 622 1905 XVl.
653 1840 729 1909 428.
760 1840 992 1932 ἀγκυλοχεῖλαι
1022 1832 1294 1926 παρυσείυθετου

185 1951 222 2013 ἐκ
240 1945 304 2012 κοῦ
321 1935 553 2033 ἀγκυλίχειλος
575 1940 599 2029 ἢ
621 1941 664 2018 ἀς
686 1943 726 2011 εδ
750 1938 918 2012 δεδόκετυι
935 1943 1028 2031 rcapti
1047 1940 1221 2029 Κρατίνῳ,
1243 1942 1295 2007 vi-

186 2048 264 2113 tiose
285 2046 427 2130 scriptum
449 2066 503 2129 pro
525 2045 714 2115 δωδεκίτυι.
759 2048 984 2112 Choerobosuus
1004 2048 1118 2110 Aneod.
1142 2066 1173 2129 p.
1191 2044 1290 2109 1375.

184 2153 217 2217 11.
242 2145 388 2219 Ἀττικοί
407 2146 608 2215 rotemero.
632 2150 767 2237 λέγουσι
790 2150 830 2213 el.
853 2150 932 2212 Αδιι.
955 2148 992 2212 εδ
1013 2146 1130 2233 Phryn.
1157 2168 1186 2231 p.
1210 2145 1289 2211 408.

186 2252 268 2335 Ergo
289 2262 324 2315 ut
344 2251 379 2314 alt
400 2252 473 2322 ἔτος
494 2246 675 2336 δοδεκετής
699 2252 818 2315 duoitur
838 2261 870 2315 et
890 2248 1089 2333 δωδεκέτης,
1111 2249 1251 2313 similiter
1269 2270 1293 2313 a

185 2356 295 2446 χεῖλος
317 2344 550 2441 ἀγκυλοχειλής
566 2364 598 2417 et
615 2347 863 2444 ἀγκυλοχείλης,
887 2375 1052 2438 quanquam
1066 2350 1111 2416 illi
1129 2352 1215 2417 deest
1225 2352 1292 2416 lor·

186 2478 236 2522 me
256 2457 289 2520 in
310 2477 367 2530 ος,
402 2455 486 2539 eujus
514 2455 811 2539 paraschematismus
838 2455 1011 2541 perhibetur
1040 2451 1290 2543 ἀγκυλοχείλης.

185 2558 255 2625 Non
276 2556 374 2620 minus
395 2556 531 2621 velintne
555 2557 588 2619 in
614 2559 827 2642 compositione
857 2579 965 2622 nomen
989 2569 1109 2645 τεῖχος.
1155 2556 1290 2620 Primum

186 2659 362 2744 Apollonius
388 2659 424 2723 de
445 2659 535 2723 Pron.
569 2681 598 2744 p.
622 2658 676 2724 38.
706 2661 741 2723 C.
766 2662 802 2724 tle
825 2662 912 2746 Synt.
937 2659 975 2724 ll.
1007 2658 1061 2723 31.
1085 2657 1120 2743 p.
1138 2655 1213 2723 187.
1237 2657 1292 2720 ubi

185 2753 394 2839 ἀλλοδαπός,
423 2755 599 2848 ἡμεδαπός
622 2772 682 2826 eto.
713 2764 749 2824 ab
772 2760 896 2848 ἔδαφος
926 2761 1118 2846 compositum
1147 2781 1215 2826 esse
1236 2761 1291 2844 ‘¹⁰7

86 2948 90 2957 χ
187 2865 303 2940 tendit,
332 2864 461 2950 quinque
489 2864 576 2950 liujus
603 2864 824 2929 terminationis
852 2862 991 2948 exempla
1015 2863 1105 2928 affert
1124 2857 1288 2950 ἀσκεφος,

188 3169 263 3234 noph.
285 3165 434 3222 Μέλανθος
453 3173 481 3219 et
498 3159 660 3232 Φίλενθος,
682 3161 834 3236 utpotae
852 3167 925 3220 urlols
944 3183 1033 3220 nomen
1052 3168 1139 3235 steph.
1164 3164 1292 3218 lominiun

187 3251 325 3321 Βιοάνθη,
340 3248 458 3319 Ἰοίνθη,
476 3251 615 3323 Λοκάνθη
632 3256 727 3308 Αεοεδ.
743 3247 853 3322 Οίάνθη
879 3269 987 3320 quorum
1006 3255 1113 3322 primum
1138 3267 1188 3302 non
1206 3251 1291 3314 mugio

143 3373 147 3381 .
189 3339 352 3404 compositum
366 3345 406 3388 est
420 3354 495 3405 quum
513 3337 661 3401 Ζοίκανθα,
681 3333 854 3393 Ψαλοίκανθα
868 3339 1005 3404 Hephaest.
1021 3340 1088 3390 nist.
1105 3354 1127 3388 ο.
1144 3333 1177 3388 V.
1194 3336 1290 3402 ipsum·

188 3437 237 3487 que
254 3416 365 3474 ἀκανθε
378 3425 433 3474 εἰνε
445 3419 613 3479 &moeonas
628 3420 677 3490 ἀκή
694 3421 854 3490 productum.
890 3421 943 3475 Neo
957 3426 1020 3476 setis
1034 3431 1132 3474 eertum
1150 3422 1216 3489 quod
1231 3421 1291 3472 Sui·

189 3507 235 3556 dns
247 3507 364 3567 offirmot,
383 3507 524 3577 φάλανθος
537 3509 693 3575 adjectivum
708 3510 739 3561 ub
747 3503 834 3564 ἄνθος
846 3505 863 3577 ἤ
873 3507 949 3576 λευκοὶ
961 3508 1029 3578 θρίξ
1041 3508 1207 3574 compositum
1220 3521 1289 3556 esse.

187 3589 332 3666 Κὴρκνθος
348 3594 487 3659 (eerinthe)
506 3609 563 3645 enm
583 3593 673 3660 κῆοος,
690 3594 835 3661 ἐρέβινθος
847 3593 995 3661 (liparem,
1006 3591 1145 3662 γέρενθος)
1157 3607 1215 3642 cum
1226 3586 1294 3659 ὅρο-

187 3681 246 3744 βος,
263 3691 362 3738 ervum,
379 3686 514 3742 cornetum
535 3680 650 3730 videtur.
682 3676 840 3732 Γελινθκοίς
862 3679 889 3729 in
907 3675 991 3747 γολῆν
1009 3684 1109 3730 mutato
1125 3677 1223 3728 dieitur
1238 3676 1293 3728 An-

187 3760 270 3811 tonin·
289 3777 311 3812 ο.
327 3763 371 3817 29.
389 3760 528 3833 μήρινθος
547 3772 575 3815 et
598 3765 743 3832 πείρινθος
758 3764 884 3829 'producte
904 3772 965 3814 suut
985 3777 1001 3814 n
1020 3759 1201 3822 brevioribus,
1220 3762 1294 3829 τερί·

187 3847 288 3910 βινθος
300 3848 356 3901 sivo
374 3851 523 3916 τίρμινθος
543 3849 653 3900 fortasse
671 3864 687 3899 u
706 3851 845 3915 τρέμιθοε.
882 3849 930 3921 Sed
948 3843 1120 3914 ἀοοίμκνθος,
1139 3848 1205 3913 quod
1218 3847 1309 3898 veto-'¹

189 3945 232 3980 res
250 3933 395 3998 copulatum
410 3941 512 4000 pulani,
532 3935 675 4001 κίγςνίδος,
693 3929 841 3996 ἀάκινθος,
860 3931 1014 4001 Κόρινθος,
1031 3925 1177 3998 Σάμινθος
1197 3931 1226 3997 (a
1243 3927 1293 3984 σιλ-

187 4016 270 4083 procl)
288 4015 486 4089 Προβάλκκθος
507 4027 556 4072 ele.
577 4020 644 4071 unde
659 4027 718 4070 ortn
732 4020 794 4079 sint,
818 4035 889 4072 nemo
908 4019 1074 4094 probabiliter
1087 4018 1209 4070 dooebit„

257 4116 699 4198 κο)1ο.,.1εε.χεεκιοεῑεεεο
721 4121 784 4173 Eur.
807 4119 859 4186 lph.
882 4121 988 4176 ’1.139.
1011 4115 1117 4174 verbum
1136 4119 1211 4172 nihili
1233 4133 1294 4172 esse

189 4213 361 4276 pronuueintg
376 4213 400 4265 si
413 4219 516 4280 propter
528 4210 745 4268 terminationem,
764 4206 874 4260 tollitur.
