2792 4725
81 326 84 330 Δ
169 296 243 370 tte
501 285 847 396 xntspsunrnrto
869 295 928 363 vr.

170 474 380 569 ριοισιίνταν.
423 477 456 552 st
476 477 544 576 puis
564 494 641 544 uero
661 480 785 556 ἔξοστις
819 481 882 542 nou
914 477 989 543 setis
1010 477 1200 564 exploratum
1228 498 1294 566 pu-.

170 590 228 662 iet,
250 583 288 648 ud
308 600 429 648 menum
450 592 523 646 sunt
550 581 610 646 elie
637 581 842 666 productionis
869 576 1008 666 exemplu
1029 581 1152 646 minime
1174 582 1285 658 tutin

127 675 132 684 ¹
171 689 208 753 ub
235 694 361 772 ἑννυμι
388 680 515 754 Γοστία
543 682 678 758 ἔνδοσις
701 683 834 770 Hesych.
868 694 900 748 et
928 684 1055 748 lelluum
1083 686 1196 761 ποσαί,
1226 702 1286 769 pre

173 813 232 878 quo
254 809 310 854 eur
331 788 441 853 Groeei
462 782 569 874 ἐσθής
588 785 725 883 dixerint
746 796 780 849 ut
802 789 894 854 dodo
910 797 941 852 et
962 783 1083 874 ἑφθός,
1116 800 1205 852 nemo
1226 804 1286 851 ex·

171 894 310 970 triecblt3
333 891 419 976 pluro
441 909 461 955 e
483 892 587 957 verbis
608 890 641 954 in
660 913 709 956 σω
728 885 946 968 desinentibus,
971 887 1103 977 φύστις,
1123 884 1285 976 ἄμυστις,

48 1025 52 1036 ⁴
171 991 311 1084 ἅραστις
330 993 414 1059 vasis
436 993 625 1073 vocaturum,
649 981 728 1076 quod
749 1013 810 1056 non
834 1009 853 1058 u
874 994 1040 1059 masculino
1061 985 1209 1080 οίροσσής
1231 993 1285 1056 de·

171 1100 302 1167 eiectum
317 1112 399 1172 esse,
423 1097 476 1161 sed
489 1097 609 1181 proprie
630 1094 696 1180 στίν
710 1089 835 1181 ἄροσιν
850 1097 1020 1182 significare
1033 1098 1165 1172 uidetur,
1188 1095 1283 1180 volgo

170 1213 272 1267 autern
293 1217 347 1284 pro
369 1193 615 1284 dpoecple'sive
636 1193 805 1285 οἲροίταινα
827 1199 920 1276 votet,
950 1200 1029 1264 sicot
1050 1199 1108 1264 'olio
1129 1198 1284 1264 uodonem

172 1303 296 1369 nornine
321 1302 548 1366 transferuntur
572 1303 660 1366 modo
688 1304 725 1366 ud
755 1302 852 1366 loourn
880 1303 931 1366 ubi
948 1303 1080 1386 'egilum
1112 1309 1148 1366 ut
1168 1295 1285 1386 ἄροσις

170 1426 225 1493 pro
246 1399 396 1491 ἄρουρα,
420 1395 540 1490 ἄφεσις
562 1426 617 1489 pro
646 1401 833 1491 οίφετήριον
855 1405 922 1472 sive
944 1424 1102 1482 carceres,
1135 1407 1283 1495 ἔμμασις

170 1527 225 1595 pro
247 1503 383 1594 dupinius]
403 1505 530 1586 labrom,
555 1505 712 1594 ἐξαίρεσις
739 1501 845 1582 τόπος
874 1511 964 1574 ἔνθα
988 1503 1222 1595 ἐξαιρούμενοι
1237 1503 1282 1574 τοί

172 1608 298 1700 φορτία
321 1603 530 1678 οἷπςτίθοντο
555 1608 673 1675 Aneed.
696 1628 727 1696 p.
750 1611 826 1678 252.
853 1607 1036 1686 κατάδυσις
1064 1633 1118 1696 pro
1141 1601 1283 1698 φωλεός,

171 1710 353 1786 ιιατοίλασις
372 1733 426 1796 pro
447 1702 671 1800 καταγώγιον,
695 1710 855 1800 ιαίταρσις
879 1737 933 1799 pro
955 1714 1042 1792 loeo,
1072 1713 1122 1778 ulti
1144 1703 1283 1778 escendi-

171 1827 235 1894 tur,
260 1808 431 1904 πρόθυσις
448 1837 503 1901 pro
524 1806 674 1901 crepidine
703 1837 773 1882 eree
796 1817 992 1901 similiterque
1020 1817 1053 1881 in
1075 1835 1216 1882 sermone
1239 1815 1283 1888 le·

104 1972 106 1975 .
170 1918 249 1994 tino,
272 1917 456 1995 uuidelutio,
480 1922 643 1994 comoedo,
664 1921 825 2004 gestatio,
853 1920 991 1998 ίσοαιίο,
1014 1923 1111 1986 statio
1134 1920 1175 1984 ei.
1197 1919 1278 1984 Aen.

171 2021 222 2107 nj.
245 2041 277 2084 v.
301 2017 398 2086 1092
422 2023 509 2085 modo
529 2023 568 2086 ed
587 2023 788 2087 instrumente
809 2023 928 2112 egendi,
952 2024 1031 2087 sieut
1050 2019 1151 2111 βοίσις
1178 2031 1207 2086 'et
1222 2025 1282 2109 ἔμ

170 2125 271 2212 βασις
289 2142 379 2207 saepe
400 2126 490 2209 pedes
510 2125 672 2210 signifieat,
695 2117 791 2207 ὄψοις
811 2135 843 2190 et
865 2121 996 2211 ὄροίσςις
1018 2127 1140 2206 οοιιίόο,
1165 2123 1280 2214 ἐπίχο-

171 2249 223 2301 οις
245 2235 277 2290 et
296 2218 458 2318 πρόχαοις
479 2240 616 2312 guttum,
638 2224 828 2307 cccccccccc
848 2229 951 2292 fruces
974 2239 1033 2292 ete.
1057 2229 1160 2294 Tertio
1183 2229 1279 2318 sigma

170 2327 270 2398 vocali
293 2329 357 2416 jum
385 2331 562 2414 productae·
578 2331 806 2415 superadditur,
839 2329 1004 2419 μνῆστις,
1042 2333 1118 2418 quod
1145 2332 1280 2419 legitime

170 2431 297 2521 μνῆσις
316 2433 360 2497 ite
387 2434 556 2519 praevaluit
582 2443 617 2497 ut
638 2454 785 2519 perpauca
806 2434 895 2519 hujus
916 2434 1108 2520 reperiuntur
1128 2436 1280 2521 exempla,

169 2536 308 2624 μνῆστις
328 2555 383 2623 pro
405 2527 556 2623 κνησμός
585 2558 619 2600 v.
643 2536 730 2600 Eust.
762 2556 792 2621 p.
816 2533 892 2617 871,
915 2536 970 2601 et.
999 2538 1183 2603 homericum
1206 2534 1278 2605 κατ’
1349 2548 1353 2561 ’

60 2660 65 2667 ’
169 2633 352 2726 ἄντηστιν,
387 2640 463 2725 quod
485 2638 648 2722 antiquitus
678 2638 798 2725 hyphen
818 2638 961 2704 scribitur
983 2648 1015 2706 it
1039 2642 1142 2728 Etym.
1169 2652 1201 2707 et
1222 2642 1281 2706 lie-

170 2744 256 2830 syeh.
278 2754 309 2808 et
328 2764 383 2828 pro
406 2735 492 2808 νατοί
519 2733 715 2828 πρότμησιν
740 2741 776 2805 tt.
800 2740 846 2813 A·
869 2741 945 2809 424.
972 2743 1072 2808 Sehcl.
1095 2743 1175 2809 Viet.
1201 2744 1279 2809 indi·

128 2867 130 2870 ·
171 2858 219 2912 eut
241 2848 274 2910 iu
296 2845 450 2909 nonnullis
469 2844 554 2908 libris
577 2840 791 2935 rupdupcfpeuw
814 2845 874 2931 legi
898 2855 932 2910 ul
954 2868 1002 2933 ep.
1032 2846 1213 2932 Hesychium
1234 2846 1278 2911 le-

170 2951 267 3035 gitur3
292 2966 388 3032 nequo
409 2947 540 3040 suspieio
561 2949 647 3013 obest
668 2950 740 3034 quin
763 2946 902 3038 γροίστις
923 2949 990 3013 sive
1017 2941 1135 3038 ιιριίτις
1159 2957 1192 3015 el
1207 2941 1281 3035 μοί-

169 3076 242 3127 στις
263 3051 382 3136 proprie
406 3050 573 3127 uetionem‚
596 3061 630 3114 ut
650 3052 751 3136 priore
776 3052 840 3127 illo,
871 3053 1109 3135 significaverint
1132 3049 1284 3141 (τροίστις

169 3152 192 3243 ἦ
212 3150 429 3244 χλωροφοιγία
451 3151 495 3226 oie
519 3150 633 3228 πίστις
654 3155 769 3218 Aneed.
795 3154 895 3218 Crem.
910 3152 948 3219 lli
972 3154 1048 3233 232,
1073 3156 1143 3243 12.)
1162 3163 1284 3242 postre-

169 3278 219 3322 mo
240 3247 452 3344 βούβρωστις
473 3265 505 3319 ei
526 3252 757 3344 οἷμφίιιααστις
770 3257 800 3320 id
818 3268 864 3323 est
885 3254 914 3345 οἷ
922 3255 1039 3347 προίτίγ
1057 3260 1281 3348 ἐίιφνσιςτῶν

166 3357 300 3445 πνριόν,
324 3357 401 3443 qucd
423 3367 455 3424 et
484 3354 866 3448 epternacum-scribitur.
912 3360 966 3426 His
996 3361 1091 3446 igitur
1119 3364 1215 3449 sigma
1238 3383 1280 3429 ex

168 3462 330 3527 abundanti
350 3462 498 3527 insertum
527 3474 574 3528 est
601 3474 637 3528 ut
656 3463 690 3528 in
712 3462 805 3551 priori
827 3484 940 3549 genere
961 3458 1280 3565 deotpooppoudsss)

236 3683 280 3750 65)
297 3684 471 3737 Blomdeldius
488 3687 520 3735 ud
537 3684 638 3737 Gallim.
658 3684 690 3736 ii.
710 3686 736 3735 in
753 3682 829 3738 Dion.
847 3687 888 3739 et.
907 3686 1087 3739 Antimachum
1106 3684 1186 3744 πόλις
1202 3682 1283 3744 ἄντι.-

165 3760 299 3840 μαχιστίο
321 3774 456 3840 scripsisse
473 3779 564 3839 potat,
584 3771 659 3838 quusi
676 3770 824 3838 hujusmodi
843 3772 974 3839 adjective
991 3774 1109 3840 legisset.
1147 3774 1175 3827 ln
1193 3776 1281 3827 honre·

164 3858 219 3910 rico
235 3856 290 3909 loeo
310 3853 435 3926 οάριστίς
446 3851 588 3928 πάρφασις
603 3866 707 3911 veteres
724 3872 773 3911 non
788 3861 862 3927 prius
877 3876 966 3913 nomeu
983 3862 1031 3913 sed
1051 3861 1181 3929 posterius
1208 3862 1281 3929 udie-

167 3945 231 3997 etivi
246 3945 330 3996 locum
342 3945 458 3995 obtinere
479 3951 648 4008 statuerunt;
667 3946 694 3996 iu
704 3945 821 4015 Apollon.
832 3946 876 4001 tv.
890 3947 951 4007 stt.
969 3946 1089 4018 γραπτῦς
1110 3948 1195 4016 (codd.
1210 3967 1281 4020 γρα-

166 4022 236 4087 πτοίς
249 4048 276 4085 ν.
292 4032 378 4083 Sohol.
391 4030 422 4082 Il.
442 4034 481 4085 Π.
495 4030 569 4098 390.)
590 4035 719 4101 πατέρων
745 4035 810 4091 ἕθεν
830 4030 970 4102 stoicum
981 4025 1105 4107 ιιιίρβιας,
1123 4052 1193 4089 nune
1215 4056 1284 4109 γρα-

119 4178 123 4187 ,
165 4116 251 4174 mode
266 4118 382 4180 editum
400 4116 465 4168 illud
476 4117 550 4181 mihi,
569 4125 601 4171 ut
619 4121 793 4189 exquisitius,
812 4122 995 4185 retinendum,
1013 4109 1126 4197 ιαίρβιας
1142 4140 1191 4193 lieu
1205 4138 1281 4193 eppo·

166 4204 286 4265 ιίιὶοιισια
303 4205 433 4273 cdjeeturu
445 4204 560 4258 videtur.
