2792 4725
325 277 383 343 DE
415 278 603 344 AlllllCl'.
639 279 852 346 lMHOBlL.
887 281 923 346 C.
947 281 985 347 ll.
1017 285 1045 370 ἕ.
1071 282 1101 349 1.
1189 285 1260 354 utto

152 458 227 522 tium
249 477 297 534 ea,
321 480 447 540 quorum
469 460 663 546 penultimam
686 461 753 524 linit
774 461 887 526 vocalis
909 463 1030 539 brevis,
1054 462 1187 529 ultimam
1210 487 1259 529 or·

153 562 235 625 ditur
260 582 411 625 consona:
435 561 562 649 πέπαρ,
586 563 737 650 σθέναρ,
758 557 860 652 νόαρ,
889 559 991 652 ὄναρ,
1024 567 1129 654 quibus
1151 567 1258 632 desunt

152 662 231 749 ἒέαρ
251 664 316 727 sive
339 663 455 750 εἶδαρ,
484 664 611 753 θέναρ,
633 668 691 730 nisi
714 668 854 732 mendose
878 668 1089 752 scriptumest
1115 667 1258 756 σθέναρ,

152 768 229 850 qood
245 777 327 830 certe
343 768 519 868 sumendum
536 767 571 831 cle
592 769 684 832 tertio
697 762 793 856 νόαρ.
838 771 950 851 Quarto
966 771 1051 834 Ισεσ·
1074 763 1258 858 δισύλλαβα

138 869 203 935 .ένέ
226 869 295 934 τῶν
300 864 411 961 φύσει
428 870 572 994 μακρῶν
592 867 781 958 παραληγόρ
781 897 857 940 σενα
878 867 1004 940 σπάνια
999 864 1124 938 ’.ἐστιν
1162 867 1259 940 Ἔστι

151 996 216 1059 γαρ
237 997 275 1038 eo
294 971 400 1058 ἧπαρ,
422 965 529 1058 ἦμαρ,
550 973 676 1059 νώκαρ.
697 975 837 1062 μώμαρ,
843 975 1282 1098 εσε1σ1νίἰῐαεαεῑείιαίλὶααιι

152 1074 270 1163 νῆέαρ,
291 1075 418 1164 μῆχαρ,
439 1098 568 1197 ναρυηαρ
590 1088 621 1139 ct
641 1077 770 1164 λαῖφαρ.
815 1079 925 1159 Quinto
946 1077 991 1166 τῷ
1009 1101 1031 1144 ν
1063 1071 1258 1166 παραληγό-

152 1201 242 1264 μενα
262 1176 339 1298 τρία
363 1175 466 1258 ἐστιν,
488 1175 593 1263 ὕπαρ,
614 1203 726 1264 πναρ,
751 1183 881 1268 σύφαρ,
903 1181 1008 1266 quibus
1030 1178 1149 1244 aliunde
1171 1201 1258 1246 acce·

153 1281 228 1346 dunt
247 1272 345 1367 κέαρ,
367 1274 507 1368 μνθαρ,
529 1283 642 1369 λῦμαρ
664 1294 695 1348 et
713 1282 854 1370 μῦμαρ,
882 1284 958 1366 quod
982 1303 1034 1366 pro
1055 1280 1181 1369 μῶμαρ
1204 1303 1257 1349 va·

151 1381 206 1447 let.
252 1383 346 1447 Sexto
368 1383 414 1472 τῷ
428 1368 732 1473 Ῑπαραληγόμενα
753 1379 813 1452 «loo
836 1397 919 1471 πῖαρ
938 1385 994 1452 καλ
1013 1384 1100 1472 ἴλαρ,
1122 1406 1176 1470 pro
1198 1405 1256 1471 quo

152 1485 229 1575 ἴχαρ
252 1487 489 1551 substituendum
512 1489 649 1563 videtur3
681 1488 891 1571 praetermissa
913 1498 984 1551 suut
1003 1486 1103 1575 βλίαρ
1127 1481 1256 1576 φύλλον
1292 1477 1295 1485 ¹

152 1588 257 1673 συνῆς
276 1586 362 1653 suit.
387 1601 418 1654 et
439 1589 581 1676 σκέναρ,
604 1591 680 1674 qood
712 1589 878 1654 Scholiasta
898 1588 1040 1654 Nicandri
1062 1591 1154 1655 Ther.
1178 1590 1254 1656 ott.

152 1692 310 1777 dupliciter
331 1691 548 1775 interpretatur
573 1688 597 1778 ἧ
623 1688 663 1757 τέ
691 1691 844 1779 γέννημα
871 1688 965 1777 παραὶ
994 1690 1032 1757 τὸ
1022 1694 1206 1790 σκιρσᾷν,
1233 1691 1257 1780 ἢ

150 1793 191 1860 σέ
208 1795 306 1882 σῶμα
327 1793 382 1861 καλ
401 1793 611 1880 auricomis
623 1793 754 1881 γαλῆς)
787 1793 935 1878 Septimo:
958 1794 1001 1884 τῆ
1020 1821 1048 1862 ει
1067 1792 1256 1885 παραληγό-

150 1907 242 1984 με’να
270 1887 400 1964 σπάνιά
430 1900 541 1974 ἐστιν,
573 1894 690 1983 εἶδαρ,
714 1907 853 1983 φρεῑαρ,
886 1909 1028 1984 σπεῖαρ,
1055 1894 1191 1982 μήποτε
1217 1904 1255 1966 ἐν

145 1998 355 2086 πλεονασμῷ
382 1998 490 2065 νοῦν.
534 1998 627 2062 Deest
646 2011 786 2084 πεῖραρ,
816 1999 891 2084 quod
920 2020 1010 2063 unum
1041 1999 1073 2062 iu
1094 2024 1156 2084 ραρ
1195 2010 1256 2064 ler-

152 2101 261 2167 mineri
297 2103 384 2165 docet
412 2102 599 2165 Herodianus
637 2128 675 2167 π.
712 2105 806 2169 Mor.
841 2122 870 2186 p.
895 2099 956 2177 30,
987 2100 1039 2166 10.
1079 2113 1109 2165 et
1144 2101 1255 2190 (λαῖλαρ

88 2203 91 2206 ’
150 2205 175 2268 i
207 2228 237 2290 q.
275 2202 402 2290 δέλεαρ.
459 2203 574 2267 Desunt
608 2225 683 2287 quae
719 2205 793 2268 alias
829 2204 1069 2288 diphthongos
1060 2226 1092 2268 m
1128 2205 1255 2289 penulti-

151 2309 226 2372 tima
247 2307 375 2383 hubent,
400 2319 501 2394 ναῑαρ
524 2318 555 2374 et
576 2300 710 2393 οὖθαρ,
743 2318 774 2371 ct
801 2328 876 2392 quae
899 2327 1046 2371 consonas
1067 2307 1099 2371 in
1121 2307 1254 2387 diastasi,

26 2437 30 2445 ¹
151 2405 274 2496 ἄνταρ,
298 2406 454 2495 ἄλκαρ,
438 2436 543 2497 ικμαρ
568 2408 663 2485 νοτίς
684 2411 815 2497 Hesych.
840 2403 979 2499 σέαχαρ,
1003 2410 1079 2493 quod
1101 2420 1132 2473 et
1148 2408 1275 2501 σέχαρ-
1389 2413 1391 2417 ’

152 2515 293 2579 scribitur
318 2514 401 2577 Paul.
425 2515 502 2598 Aeg.
527 2513 592 2577 VH.
615 2511 692 2579 247.
723 2514 775 2577 sed
807 2513 964 2597 praeteriri
991 2510 1088 2596 potuit
1116 2522 1150 2575 ut
1170 2534 1255 2596 pere·

152 2617 272 2702 griuum
295 2627 346 2679 aut
367 2616 505 2679 allectum
528 2627 562 2679 ut
582 2616 721 2691 bacchar,
744 2636 863 2699 cappar,
890 2606 1155 2700 columnellam),
1168 2607 1255 2702 μα’ρ-

152 2744 225 2807 μαρ
261 2714 396 2804 στερεόν
423 2717 554 2803 Hesych.
574 2717 602 2803 ¹)
630 2712 837 2803 icoo-Alex.
860 2716 960 2780 lrall.
995 2715 1074 2779 Vlll.
1106 2716 1147 2793 2,
1179 2717 1253 2785 392.
1286 2786 1287 2792 ,

153 2822 276 2885 lllorum
298 2843 372 2884 vcro
395 2840 526 2883 meones
548 2820 696 2884 excidisse
720 2820 859 2884 videntur
877 2817 994 2883 incuria
1017 2819 1254 2904 excerpeutium.

101 2959 103 2964 .
153 2925 212 2989 Sel
232 2918 330 3008 ὅνιαρ
352 2924 427 3005 quocl
445 2922 570 2987 Vossius
591 2924 690 3006 posuit
710 2923 742 2985 iu
763 2922 799 2984 H.
819 2921 856 2984 H.
872 2922 905 2983 iu
922 2921 992 2983 Ger.
1008 2918 1083 2986 269.
1101 2920 1255 3005 arralogiue

152 3036 301 3111 repugnat
321 3046 382 3088 nou
404 3025 502 3088 miuus
523 3045 610 3108 quam
633 3025 772 3100 verbum,
794 3044 811 3087 a
834 3044 891 3107 quo
914 3023 985 3087 illud
1016 3024 1141 3106 repetit,
1163 3018 1255 3091 ὀνίαν·

154 3149 252 3213 neque
273 3128 328 3191 hoc
352 3147 425 3212 opus
447 3138 514 3191 erat
533 3128 570 3190 al
592 3126 810 3211 propagandum
828 3120 949 3191 ὀνίσκω
965 3118 1161 3211 σε’ὀνίνημι,
1184 3146 1256 3212 quo·

152 3252 219 3295 rum
241 3230 315 3293 illud
337 3230 495 3314 figuratum
517 3240 564 3295 cst
585 3240 619 3294 ut
638 3226 805 3318 γαμέσαα,
829 3229 885 3293 hoe
907 3230 942 3292 ab
963 3222 1065 3294 ὀνένα
1079 3228 1254 3311 profectum,

67 3382 76 3395 .
154 3335 239 3418 cujus
260 3332 399 3396 formatio
421 3342 543 3416 apparet
569 3332 602 3395 in
630 3327 755 3408 εἷλένω,
785 3328 885 3417 ὀρίνω
909 3342 941 3394 et
961 3324 1077 3418 oiycroi.
1122 3330 1166 3393 Ile
1189 3351 1257 3413 pro·

153 3436 237 3502 sorlie
259 3457 320 3499 nou
343 3435 440 3499 solum
457 3434 642 3497 neutralium
664 3436 717 3498 sed
748 3434 837 3497 etiam
858 3432 1089 3497 masculinorum
1121 3441 1151 3495 et
1172 3430 1258 3494 lcmi·

110 3519 113 3526 ¹
153 3536 294 3601 uiuorum
315 3538 417 3602 brevis
446 3538 494 3600 es't
518 3537 705 3621 praeceptio·
734 3532 777 3603 cci
805 3539 852 3611 εἰς
881 3558 924 3621 αρ
893 3520 1123 3621 βαρύνεται
1142 3533 1253 3596 Arcad.

153 3637 265 3724 ott,
290 3639 342 3703 14.
364 3636 407 3705 νεὶ
429 3643 477 3712 εἷς
499 3664 540 3723 αρ
568 3638 739 3705 συστέλλει
761 3637 800 3705 σέ
825 3663 866 3713 α,
889 3629 1023 3760 (λα’μαρ,
1042 3635 1171 3722 θέναρ,
1193 3626 1256 3702 oui-

151 3766 237 3829 μαρ,
261 3738 392 3829 πάπαρ·
399 3744 430 3824 ²)
472 3737 679 3809 ’έΑνσικσλέ
664 3738 885 3808 έέκνεινσασι
907 3762 946 3807 το
969 3737 1256 3827 στέαρααλφρέαρ

223 3972 296 4031 illd
314 3980 390 4024 entra
408 3973 501 4023 seriem
523 3980 581 4039 post
603 3961 801 4045 μαρμαρέεντα
823 3975 920 4041 legitur
944 3988 991 4025 uec
1008 3972 1093 4023 miuus
1111 3975 1257 4036 suspectum

43 4065 46 4071 “
153 4074 229 4127 quam
248 4060 301 4109 ulia
317 4058 432 4123 ejusdem
450 4059 604 4123 glossemata
622 4062 715 4130 Μέναρ
735 4050 828 4129 zoeli,
846 4058 979 4130 Μσῦρταρ
997 4054 1076 4112 πῖλον
1093 4063 1144 4108 etc.
1263 4120 1266 4129 y

224 4160 253 4227 2)
271 4161 339 4238 llaec
362 4164 416 4218 duo·
436 4163 463 4213 iu
481 4161 559 4228 nege.
586 4162 658 4215 Pros.
684 4161 715 4215 N.
736 4163 779 4225 80,
799 4165 859 4217 tto.
878 4164 973 4215 omissa
997 4168 1074 4223 εσσε,
1103 4167 1256 4227 postremum
