2792 4725
179 281 248 356 tea
527 281 846 351 blssttttratto
874 283 939 356 lll.

176 458 424 554 α’μφικελεμνίτ
436 461 495 546 ¹²),
513 458 708 553 αὕταναχίς,
727 462 895 550 κραταιίς·
914 463 948 531 'et
963 467 1095 540 loannes
1113 491 1141 556 p.
1158 467 1212 546 38,
1228 468 1285 536 20.

176 566 220 648 τοί
241 567 328 655 ὑπὲρ
340 562 414 669 ¹cipio
438 564 610 665 σαλλαβας
634 555 739 668 είς-ἔρ
760 559 909 668 λήγοντα
928 565 1195 659 daemonibus
1216 572 1288 640 τῶν

178 668 236 742 δαί
255 674 319 741 τοῦ
339 676 390 744 dra
410 670 466 771 καί
487 694 539 744 κις
563 673 638 754 (scr.
660 669 737 745 ἀιίις
757 671 814 738 καί
831 671 923 756 ἀκις)
947 667 1116 755 ὀξύνεται,
1142 673 1285 763 ἐναντία,

177 777 198 845 ὃ
218 776 316 868 χωρίς
336 774 442 841 τσῦὶσ
456 772 679 865 Καλλίμαχος
699 774 808 854 εἶπεν,
830 776 992 863 λινριφίε,
1013 777 1176 864 κραταιίς,
1198 799 1286 863 prae·

175 894 318 967 terraque
336 889 423 943 extat
437 877 622 940 bumericnm
638 871 824 963 α’μφονιλίς,
840 881 917 963 qnod
930 881 1115 965 Hartnngins
1129 882 1173 946 De
1189 881 1283 944 casib.

173 1009 207 1076 p.
224 983 300 1052 242.
324 1001 479 1068 perperam
498 980 537 1044 ab
558 975 618 1053 οὖς
641 981 836 1064 compositum
856 993 952 1066 putat,
976 993 1007 1047 et
1028 983 1096 1048 buia
1118 983 1285 1067 appositum

171 1084 325 1165 ἐπισαιίίς
335 1095 369 1149 et
382 1084 500 1166 numne
512 1082 709 1146 assimilatum
723 1077 929 1169 dupunocdie
941 1107 972 1149 v.
981 1087 1094 1150 Aneod.
1105 1106 1135 1169 p.
1147 1083 1241 1150 1310.
1251 1105 1282 1150 a.

174 1194 208 1258 Si
227 1210 321 1265 vero,
349 1188 427 1251 unde
450 1186 577 1270 quidque
599 1185 707 1250 borum
728 1198 831 1260 natum
853 1189 910 1263 sit,
938 1187 1142 1271 scrupulosius
1165 1186 1283 1272 quaeri,

172 1317 258 1371 mus,
289 1291 404 1357 nnllnm
424 1288 468 1353 ita
489 1299 692 1371 comparatum
717 1299 765 1352 cst
790 1301 824 1354 nt
851 1311 917 1354 cnm
937 1289 1090 1378 κραταιίς
1113 1288 1282 1374 comparari

171 1397 286 1486 pussit3
324 1413 451 1476 namque
477 1392 618 1476 pleraque
647 1392 809 1475 composita
836 1405 927 1469 sunt,
959 1392 1104 1477 simplicia
1131 1413 1191 1455 non
1213 1392 1281 1476 plns

171 1502 248 1576 dno,
279 1494 423 1583 coloneio
445 1506 477 1560 et
496 1491 659 1580 λικριφίς,
689 1514 814 1576 qnorum
836 1495 918 1578 prins
942 1515 1066 1581 prorsus
1093 1493 1281 1578 incognitum

169 1614 219 1668 est
240 1586 351 1685 (neque
368 1600 492 1663 audeam
512 1593 685 1682 uuolucplr
703 1601 884 1681 proponere)
907 1597 1034 1662 altorum
1054 1618 1072 1661 a
1087 1595 1194 1686 λέχρις
1210 1617 1280 1680 pro·

170 1706 304 1770 ductum.
337 1702 394 1765 Sed
408 1722 462 1785 pro
474 1698 640 1788 upouutuic
655 1698 772 1783 aliquos
789 1699 902 1763 dixisse
919 1698 1071 1786 κραταιίς
1088 1709 1141 1764 aut
1155 1699 1277 1763 omnino

171 1829 239 1871 essa
260 1804 434 1869 adverbium
452 1803 608 1888 ejusmodi,
632 1803 710 1886 quud
730 1803 767 1865 ab
788 1801 946 1886 adjectivis
964 1801 1120 1887 paragogis
1140 1799 1174 1864 in
1190 1787 1278 1880 αισξ,

165 1896 254 1990 ῗίιῖξ,
273 1893 363 1984 affl,
384 1905 514 1970 derivari
536 1904 648 1989 possit,
671 1903 718 1968 bis
738 1904 888 1988 exemplis
911 1924 971 1968 non
992 1905 1176 1969 adducimur.
1216 1902 1278 1968 Ne·

169 2035 226 2099 qne
253 2010 310 2075 boc
335 2009 432 2073 solnm
454 2007 650 2092 suspiciosum
676 2007 730 2075 sed
752 2007 841 2071 etiam
862 2005 936 2071 illud
964 2007 1192 2074 addubitandnm
1214 2017 1275 2085 est,

167 2137 240 2184 num
259 2109 521 2198 ἀποστρέψασκε
541 2131 596 2194 pro
613 2104 804 2196 ὑπέστρεφε
825 2108 976 2172 homerico
994 2131 1078 2174 more
1095 2107 1205 2174 dictum
1222 2110 1275 2174 sit.

166 2218 233 2283 lam
254 2216 409 2281 rideamus
433 2214 470 2276 de
493 2211 592 2277 altera
614 2211 751 2290 ratione;
787 2207 806 2276 6
825 2205 1072 2298 Ἀσκαλωνίτης
1091 2210 1130 2280 τί
1151 2213 1277 2298 πλῆρες

165 2314 347 2408 αραταία
369 2317 425 2397 ἴς,
452 2311 646 2403 ᾤίσοοίσθη
666 2311 689 2400 ἡ
713 2304 897 2407 συνήθεια.
938 2313 1118 2403 Quaeritur,
1147 2337 1204 2401 quo
1226 2338 1277 2381 uc·

167 2434 279 2498 centu;
308 2441 380 2483 unm
401 2411 536 2503 κρατοῖ
557 2416 606 2494 ἴς,
631 2426 666 2479 ut
686 2416 861 2485 Eustathins
883 2418 1007 2495 scribit,
1031 2420 1274 2487 controversioso

165 2515 218 2591 illo
239 2515 364 2615 χρεῑ’ᾖ
385 2520 550 2594 subnixus,
575 2519 623 2583 cui
644 2513 727 2596 ὀξεῖ’
744 2514 863 2587 όιίτίναι
881 2519 918 2586 ll.
934 2520 991 2584 Xl.
1008 2520 1084 2587 272.
1109 2518 1273 2608 adjungere

165 2636 300 2714 poterat,
336 2645 375 2687 an
401 2619 537 2709 κραταί”
560 2623 606 2702 ἴς,
641 2632 683 2685 τι
703 2621 881 2692 Sebeeferus
909 2624 945 2686 ud
973 2623 1063 2688 Dion.
1091 2624 1166 2687 XX.
1195 2623 1271 2691 280.

164 2750 289 2819 qnorum
311 2736 452 2798 neutrum
474 2725 548 2789 satis
570 2734 686 2802 tntum,
714 2726 767 2789 sed
788 2725 871 2809 prius
894 2737 1130 2791 consentaneum
1152 2738 1201 2791 est
1222 2748 1273 2791 eo-

162 2852 231 2897 rnm
252 2829 381 2908 rationi,
410 2828 460 2913 qui
481 2821 504 2894 σί
525 2824 615 2908 δείλ’,
640 2822 727 2894 κεῖν’
749 2820 844 2917 ὄχεα,
869 2828 1039 2893 scribebant
1059 2850 1091 2892 v.
1116 2828 1269 2913 Spitzner.

162 2936 200 3006 ad
222 2932 257 2996 ll.
281 2932 321 2998 V.
347 2930 421 2998 104.
440 2937 484 3014 ¹³)
511 2950 608 3014 neque
629 2922 907 3016 proparouytonum
928 2931 954 2993 si
977 2930 1042 3014 quis
1063 2932 1213 3016 praeferet
1238 2944 1273 3000 ut

160 3035 303 3124 Ἰπίραιοι,
333 3054 453 3101 causam
475 3032 637 3112 obtinebit,
671 3040 740 3097 bam
766 3033 840 3107 boe,
873 3042 907 3095 nt
933 3032 1199 3117 significationem,
1228 3034 1274 3105 ita

160 3149 317 3212 accentum
346 3133 461 3221 accepit
486 3134 678 3202 substantivi.
726 3136 831 3207 Restat
858 3134 949 3199 tertia
976 3135 1145 3211 sententia,
1165 3156 1271 3229 „quem

231 3396 275 3461 12)
297 3395 381 3462 liujus
399 3392 557 3462 adiectivnm
574 3400 648 3445 extat
664 3391 733 3458 apnd
751 3390 907 3460 llesycbinm
928 3384 1129 3461 οίμφικίλεμνοε
1146 3388 1271 3460 depoti-

159 3481 252 3554 ρωθιν
265 3478 457 3547 στηριζόμενον
472 3487 498 3529 ct
513 3479 618 3534 brevior
633 3478 715 3528 turma
730 3470 877 3544 α’μφίκιλστ
890 3474 977 3544 κλίνη,
993 3476 1160 3545 ἑκατίροιθεν
1173 3479 1269 3542 ἔχουσα

158 3558 377 3637 σίναιιλιντὴριον,
395 3565 462 3632 qnod
479 3580 612 3631 perperam
628 3563 797 3615 sollicitatur.
825 3562 922 3615 Similis
937 3578 1064 3631 paragoge
1082 3570 1123 3614 est
1139 3564 1269 3623 nominum

157 3652 313 3735 σίρεμνφσ,
331 3653 499 3717 coaptamur,
515 3648 658 3720 βίλιμνσν.

229 3743 274 3805 tt)
292 3744 386 3797 llodem
404 3755 511 3797 accentu
530 3748 595 3799 Eur.
614 3747 657 3798 El.
679 3743 755 3801 1077.
780 3741 806 3799 εἶ
820 3746 874 3815 μὲν
889 3742 926 3800 τοί
946 3744 1020 3818 Τρῶ’
1034 3736 1068 3815 ἦν
1084 3740 1193 3814 ciavari,
1216 3762 1263 3815 pru

157 3844 209 3898 qno
230 3837 334 3897 receptu
358 3839 399 3882 est
414 3832 558 3897 ldnsgravii
580 3832 724 3884 emendatio
743 3830 842 3899 Τροίαν
860 3827 970 3901 εὐτυ-χαί
989 3817 1038 3883 nori
1064 3833 1196 3884 admodum
1220 3848 1263 3884 nc·

156 3916 281 3965 cessaria.
317 3914 381 3967 Nam
400 3933 481 3983 neque
499 3919 615 3983 enallage
633 3918 764 3969 modorum
783 3918 909 3972 inusitata
926 3919 977 3971 dici
994 3926 1094 3987 potest,
1120 3934 1201 3984 neque
1218 3919 1263 3969 ad-

146 3996 281 4075 jectivum
298 3991 398 4068 τρωότ,
417 4011 447 4053 nt
463 4002 589 4055 blattbiac
608 4003 714 4054 eredere
731 4002 851 4066 videtur,
873 4020 1002 4071 ageneru
1020 4012 1112 4056 neutro
1130 4003 1261 4055 abhorret.

157 4084 317 4149 Hegelochus
334 4086 445 4141 formasa
464 4085 560 4159 γαλῆν)
576 4084 634 4158 ὄροί
653 4088 825 4155 pronunciare
842 4092 941 4155 voluit,
967 4106 1032 4153 non,
1058 4096 1090 4142 ut
1106 4090 1181 4143 bodie
1199 4090 1262 4143 acri·

156 4170 241 4232 bitur,
265 4168 406 4242 pulp'v’-
1138 4164 1141 4171 ’
