2792 4725
183 331 250 400 tlt
541 322 858 389 nlssnttrnrto
886 323 930 390 ll.
963 351 968 363 ·

184 505 283 598 tepide
304 507 371 572 sire
392 502 506 591 λίβος,
541 503 666 587 ejusque
688 503 824 588 genitivo
845 495 940 591 λιβός
967 515 999 568 et
1018 506 1191 572 accusativo
1217 503 1301 596 λίβα
1347 517 1349 522 ’

185 609 356 694 Aeschylus
378 625 451 670 usus
474 615 521 668 est
537 604 670 690 Cboepb.
687 605 764 672 202.
789 617 820 670 et
840 606 960 690 Fragm.
979 607 1019 670 N.
1037 607 1091 672 05.
1111 608 1200 673 llind.
1221 610 1300 675 'lbe-

184 722 330 798 ognostns
352 709 385 772 in
400 708 463 771 lnd.
481 707 595 770 Anecd.
612 730 641 792 p.
659 705 755 774 1402.
780 709 864 792 Νίψ
887 705 1003 795 Νιβός
1024 705 1137 795 ὄνομα
1158 709 1296 799 κρήνης.

183 814 307 881 Pbotios
329 824 361 876 et
378 809 485 874 Snidas
507 807 611 896 Νίβα
631 806 743 897 χιόνα·
774 811 926 876 καλεῖται
947 810 978 878 d’
1000 807 1089 878 οὕτω
1112 813 1170 878 καί
1189 810 1298 901 κρήνη

182 923 221 984 ἐν
243 908 383 1002 Θριίκη,
412 913 491 975 unde
510 912 639 976 tortasse
661 911 781 978 urbium
802 913 924 978 nomina
951 913 1060 1001 Νίψα
1082 911 1178 990 πόλις
1200 915 1297 1002 Θρᾴ-

99 1033 108 1054 ·
181 1043 242 1106 αης
264 1016 414 1101 Stephcet
434 1013 540 1104 χώρας
559 1015 795 1105 Θεσσαλονίκῃ
814 1017 858 1104 τῇ
871 1015 1117 1084 Macedonicam
1139 1020 1296 1106 γειτνιῶν

183 1121 305 1210 Νίβας
330 1118 451 1184 Aelian.
482 1117 522 1180 H.
545 1116 676 1181 Animm.
707 1117 778 1182 XV.
809 1116 864 1184 20.
895 1119 974 1183 siout
1001 1119 1060 1183 alia
1089 1120 1155 1184 loca
1185 1143 1297 1188 nomen

181 1222 320 1314 Κρὴνη,
342 1207 524 1307 Κρηνίδες,
542 1220 710 1304 Κροννοί,
727 1220 859 1306 Πηγαί,
872 1221 1068 1308 Λείβηθρα,
1088 1225 1193 1308 adepta
1209 1235 1293 1288 sunt.
1362 1207 1364 1214 ’

181 1329 287 1412 Neque
309 1325 466 1410 quidquam
487 1322 557 1385 binc
574 1324 670 1386 distat
697 1324 907 1408 appellativum
934 1325 1000 1414 νίψ
1027 1324 1125 1415 χιιίν,
1153 1327 1230 1410 quod
1251 1330 1295 1391 ita

184 1453 227 1496 ex
249 1449 304 1494 usn
326 1425 465 1500 recessit,
488 1435 523 1488 nt
544 1437 665 1490 veteres
687 1427 891 1491 accusativum
913 1427 1001 1515 νίφα
1023 1451 1064 1493 ex
1084 1425 1213 1514 νιφάιλα
1230 1451 1297 1493 mn·

182 1533 299 1597 tiletum
323 1541 483 1613 tonumque
504 1538 669 1592 retractum
692 1530 851 1594 crederent
864 1553 895 1596 v.
915 1531 1014 1596 Procl.
1030 1531 1200 1596 adHesiod.
1219 1532 1293 1617 Opp.

182 1633 258 1700 530.
292 1633 401 1696 doann.
425 1653 456 1715 p.
480 1630 534 1705 12,
559 1627 614 1695 20.
644 1631 703 1694 etsi
731 1645 866 1715 apertum
895 1646 954 1712 est,
984 1634 1068 1715 νίψ,
1089 1633 1228 1724 Ιχέρνιψ,
1257 1636 1296 1700 ad

180 1738 299 1824 νείφω,
326 1734 449 1810 vinco,
476 1732 598 1796 nimbus
625 1745 657 1798 et
684 1734 851 1818 genitivum
879 1739 961 1802 niodo
990 1739 1114 1802 eandem
1145 1739 1296 1802 rationem

182 1841 306 1915 babere,
330 1860 417 1923 qnam
432 1836 543 1900 habent
556 1838 626 1911 κίκ,
650 1839 793 1922 ningoz's,
816 1843 914 1926 ningo
937 1841 974 1904 cd
998 1839 1090 1919 νίζω,
1112 1843 1196 1926 cnjus
1215 1840 1298 1904 lotn-

181 1965 262 2020 run,
285 1943 314 2007 si
337 1951 470 2016 extaret,
493 1939 572 2014 νίξα
596 1940 687 2016 foret,
711 1941 789 2004 unde
812 1942 868 2005 nix
889 1944 998 2026 pendet
1020 1953 1052 2007 et
1072 1937 1189 2008 anctiu's
1202 1942 1294 2024 ninx,

181 2045 294 2130 ningis,
318 2055 353 2110 nt
375 2044 521 2128 conjunx,
544 2043 684 2122 Meninx,
718 2039 873 2132 φόρμιγξ,
906 2040 1042 2133 ιίατριγξ
1064 2069 1095 2108 v.
1119 2047 1156 2109 ad
1177 2045 1293 2129 Phryn.

179 2171 209 2233 p.
230 2148 284 2213 72.
315 2166 482 2231 quanquam
511 2145 589 2208 ninx
614 2145 714 2231 ipsum
742 2167 804 2212 non
833 2159 985 2233 receptum
1012 2159 1078 2225 est,
1106 2150 1159 2213 sed
1185 2147 1296 2231 qniaa

179 2251 245 2335 νίψ
273 2250 324 2334 qni
352 2249 492 2312 oriuntur
521 2268 627 2322 casus,
659 2249 782 2330 produci
810 2271 872 2312 non
901 2261 1039 2335 possunt,
1072 2249 1296 2335 praesternitur

178 2351 378 2438 producendis
390 2348 529 2434 obliquis.
561 2347 677 2447 {trip
699 2349 848 2421 κλίνεται
869 2352 924 2421 tad
945 2354 1008 2421 cori
1021 2339 1065 2421 π
1079 2353 1136 2421 καί
1156 2347 1211 2419 deod
1229 2349 1296 2419 cori

176 2442 221 2543 p,
249 2452 335 2537 κνίψ
355 2452 392 2519 dd
413 2451 468 2522 διαί
488 2453 551 2518 τοῦ
572 2479 599 2519 π
619 2450 732 2539 μόνον
761 2455 943 2521 Cberohosc.
966 2458 998 2522 in
1020 2459 1122 2543 Etym.
1147 2457 1189 2519 M.
1213 2452 1294 2532 718,

179 2556 233 2623 10.
257 2556 370 2619 Zonar.
397 2577 428 2640 p.
450 2553 545 2620 1310.
575 2560 609 2621 οἱ
629 2570 747 2631 κνῖπες
774 2559 928 2643 Aristopb.
952 2561 1032 2625 Avv.
1058 2558 1133 2625 500.
1159 2558 1291 2623 Aristot.

178 2660 218 2725 H.
243 2660 326 2723 dnn.
349 2658 402 2723 lV.
428 2656 539 2736 8,15.
569 2658 650 2733 τοῦς
677 2674 823 2735 σκνῑπας
851 2662 908 2726 ΙΧ.
934 2662 965 2727 5.
990 2663 1054 2747 (3.)
1076 2662 1109 2726 4.
1134 2673 1166 2727 et
1186 2661 1294 2725 codem

178 2764 247 2827 loco
275 2757 480 2851 κνιπαλόγος
506 2772 541 2825 nt
565 2762 599 2827 in
627 2762 705 2826 libro
733 2765 769 2828 de
799 2764 886 2829 Sens.
911 2765 950 2829 V.
974 2764 1051 2841 444,
1084 2764 1136 2831 12.
1166 2761 1295 2837 κνίπας

178 2865 306 2942 editum,
326 2886 383 2949 pro
401 2886 459 2952 quo
473 2866 558 2929 codd.
578 2865 747 2949 complures
771 2866 915 2942 σκνίπας
937 2879 969 2933 et
985 2867 1108 2941 σκίπας
1129 2868 1289 2942 exhibent,

91 3037 93 3042 ,
178 2979 284 3035 contra
310 2990 398 3053 quam
418 2968 629 3053 'l'beognostns
654 2981 760 3034 narrat
779 2970 894 3035 Anecd.
920 2971 1021 3035 Crem.
1038 2993 1068 3055 p.
1086 2970 1160 3034 135.
1190 2968 1290 3033 bekk.

176 3094 208 3157 p.
227 3070 323 3137 1418.
350 3073 380 3136 b.
405 3066 510 3155 σκνίψ
533 3067 552 3136 ti
571 3073 639 3157 pto
657 3068 889 3159 Ἀριστοτέλης
909 3060 1122 3160 μετιίταῦῖ
1133 3071 1232 3160 λέγει,
1257 3075 1294 3139 οἱ

176 3172 213 3242 dl
239 3175 354 3243 λοιποὶ
375 3175 474 3265 χωρίς
491 3173 554 3241 τοῦ
575 3196 611 3256 α,
642 3176 696 3239 sed
725 3186 756 3240 et
778 3174 910 3240 Galenus
940 3177 975 3240 de
999 3176 1102 3261 Simpl.
1126 3177 1204 3241 bled.
1231 3174 1290 3239 IX.

177 3276 210 3341 1.
235 3274 310 3342 187.
340 3277 377 3340 Τ.
398 3277 496 3341 XVll.
529 3281 562 3342 οἱ
583 3290 739 3357 σκνῖπες,
772 3277 899 3361 aliique3
935 3290 1039 3365 μαῖαι
1062 3279 1121 3347 καί
1150 3290 1292 3364 σκνῑφες

177 3380 262 3464 Orig.
286 3400 320 3443 c.
340 3380 423 3446 Cels.
447 3375 486 3443 V.
512 3377 586 3445 582.
618 3378 654 3441 Β.
679 3390 711 3443 ct
730 3379 763 3442 in
785 3381 926 3445 versione
947 3381 1174 3457 Alexandrina3
1207 3379 1292 3456 τοκίς

174 3494 300 3556 κνῑπας
320 3482 435 3547 Anton.
459 3482 526 3546 Lib.
552 3504 581 3546 c.
604 3479 656 3545 14.
680 3503 712 3546 v.
735 3482 772 3544 ad
795 3483 908 3568 Phryn.
932 3505 962 3567 p.
989 3482 1064 3549 390.
1108 3485 1190 3549 llaec
1217 3505 1292 3549 ver-

176 3586 271 3650 mium
297 3586 419 3649 nomina
451 3583 567 3670 σκνίψ,
594 3585 647 3671 ip,
677 3582 783 3670 θρίψ,
814 3586 980 3651 masculina
1006 3598 1096 3665 sunt3
1128 3584 1152 3673 ἦ
1177 3585 1289 3675 θρίψ,

174 3688 253 3773 qnod
274 3687 528 3773 Wyttenbacbins
549 3688 714 3751 mirabatur
727 3688 763 3751 ad
779 3688 857 3753 Plut.
882 3690 918 3753 de
933 3689 1032 3753 Discr.
1048 3688 1138 3753 Adnl.
1161 3712 1190 3774 p.
1206 3689 1286 3756 422.

174 3812 192 3855 0
219 3791 378 3855 blenandri
404 3812 498 3855 versu
522 3793 586 3877 jam
615 3791 764 3855 sublatum
794 3802 842 3857 est
869 3815 898 3876 p.
925 3790 998 3857 108.
1030 3812 1187 3855 commune
1209 3811 1288 3857 vero

173 3891 290 3984 ρίαν-ἠ
311 3891 375 3983 ῥίψ
395 3893 533 3957 Eustatb.
555 3892 651 3970 1533,
676 3893 729 3959 53.
753 3906 829 3969 ταῖς
851 3893 930 3984 ῥιψί
949 3895 1077 3961 Aristot.
1095 3893 1195 3959 Probl.
1211 3893 1286 3957 XV.

173 3993 207 4062 6.
219 3996 323 4083 ‘panllo
337 4007 404 4080 post
418 3994 481 4061 τοῦ
496 3988 605 4086 ῥιπός,
628 4007 659 4060 et
676 3995 810 4087 ῥίπεσιν
825 4002 989 4072 οἰσνΐνοις
1002 3998 1103 4062 Νοαιι.
1120 3996 1188 4061 XL.
1205 3994 1285 4061 461.
1301 4001 1304 4007 “

259 4085 366 4185 ln'oip¹
388 4120 535 4184 perpauca
557 4100 717 4179 desinunt3
747 4122 815 4165 nam
832 4101 975 4189 Hesycbii
994 4101 1096 4189 glossa
1118 4090 1218 4182 Δνόψ
1234 4123 1289 4189 χι·

172 4202 281 4277 νεῖκος
301 4201 403 4286 εἶδος,
422 4195 554 4291 βάθος·
577 4204 762 4269 dubitatione
784 4226 845 4268 non
868 4218 975 4284 vacat3
1005 4225 1103 4291 neque
1125 4204 1213 4269 fidem
1237 4202 1288 4269 in·
