2792 4725
224 1134 251 1291 J
317 1145 946 1279 suessoniensem·

169 1374 221 1443 nu
243 1332 491 1443 susurrus
506 1378 740 1549 &ruffinis
749 1375 1088 1449 summotus

80 1663 156 1770 Etsi
178 1702 289 1768 Critioi
317 1702 350 1768 in
379 1702 572 1789 dijudicandis
600 1704 781 1771 lectionibus
809 1704 1015 1772 controversis
1039 1726 1182 1795 persaepe

80 1805 182 1869 aunum
198 1805 318 1891 judicio
343 1805 399 1870 niti
420 1805 531 1883 solent,
554 1817 655 1873 tamen
677 1828 766 1891 quam
785 1804 933 1875 lubrioonn
958 1809 1001 1873 sit
1028 1808 1065 1873 de
1087 1808 1180 1875 Grae·

81 1927 168 1971 corum
195 1928 296 1973 sensu
327 1909 502 1975 existimare
528 1908 579 1974 vel
609 1909 679 1973 hine
705 1908 836 1994 intelligi
864 1920 976 1994 potest,
1004 1913 1082 1995 quod
1103 1933 1179 1997 quae

81 2008 260 2075 Grammatiei
285 2022 316 2075 et
337 2011 489 2077 llhetorioi
517 2022 551 2075 nt
581 2010 795 2098 eaoosyntlteta
822 2022 855 2076 et
875 2012 1056 2077 inconcinne
1072 2015 1180 2101 junota

80 2122 181 2191 notant,
205 2112 297 2177 hodie
318 2136 337 2179 a
358 2114 526 2199 legentibus
548 2134 587 2177 ne
609 2114 809 2179 animadverti
830 2114 947 2199 widem
968 2114 1079 2193 solent,
1102 2136 1179 2201 quae

78 2234 138 2278 reno
156 2216 242 2280 nohis
266 2238 374 2302 aspera
401 2217 595 2302 pronuntiatu
616 2217 777 2302 audituque
799 2216 960 2294 videntur,
991 2238 1095 2283 eorum
1116 2219 1179 2285 fre·

79 2336 157 2399 orons
185 2318 342 2404 reperitur
369 2320 445 2404 apud
473 2330 594 2397 veteres
623 2340 709 2386 usus.
755 2320 890 2386 Donatus
911 2318 979 2384 Art.
1003 2319 1055 2386 Ill.
1080 2319 1112 2402 1,
1140 2320 1174 2386 t.

78 2429 154 2495 sont,
182 2421 304 2506 inquit,
332 2425 431 2488 molae
458 2425 691 2510 compositiones
720 2421 758 2488 id
784 2433 833 2486 est
856 2419 1112 2504 κακοσύνθετα,
1132 2457 1176 2474 ·-

77 2526 242 2600 ααιααὶααί,
268 2524 461 2610 ἰαλάαιαληιί,
490 2528 654 2602 iotacismi,
684 2525 789 2610 quibus
811 2526 1014 2610 sigmatisrnos
1032 2527 1175 2592 adnume-

77 2623 126 2686 rari
146 2637 265 2710 oportet
294 2638 324 2692 et
345 2627 554 2704 rhotaoisuros,
576 2628 709 2712 aliasque
731 2629 959 2695 consonantium
981 2639 1012 2692 et
1024 2629 1175 2694 vooaliuns

77 2725 230 2794 collisiones
253 2731 403 2806 absonas3
440 2751 498 2816 quo
520 2732 556 2795 tle
579 2751 691 2817 genere
714 2731 869 2807 vitiorum,
897 2741 1039 2816 quantum
1059 2733 1097 2796 ad
1118 2753 1173 2796 no·

77 2836 154 2893 strnn
174 2853 262 2896 nsum
286 2833 430 2918 pertinet,
454 2833 565 2898 cursim
588 2835 737 2898 disserere
759 2833 942 2918 propositum
964 2844 1022 2900 est.

568 3003 599 3088 ς.
625 3003 656 3067 1.

142 3140 318 3206 Deltaoismi
340 3162 449 3205 nomen
469 3140 623 3206 veteribus
646 3141 793 3224 ignotum,
824 3140 931 3206 viuum
952 3160 1167 3227 saepenumero

78 3243 272 3324 reprehensum
300 3256 358 3321 est,
390 3245 443 3308 sed
464 3243 637 3329 plerumque
659 3244 781 3329 injuria.
826 3241 1164 3330 Etym.tt.253,11.
1275 3267 1278 3272 ·

78 3339 164 3411 lello
183 3345 321 3414 (λέλοιδα
357 3347 414 3414 καλ
439 3342 494 3414 διαὶ
526 3342 592 3433 τήν
628 3342 834 3432 {sallellas
859 3345 937 3425 isoio
967 3329 1162 3421 testaceo,

78 3463 142 3524 quan
169 3443 334 3514 Herodiani
365 3449 544 3515 sententiam
574 3449 668 3514 fuisse
696 3449 878 3534 intelligitur
903 3468 945 3512 ex
969 3447 1108 3513 Eustath.
1132 3471 1163 3535 p.

78 3541 132 3622 llll,
151 3548 195 3614 8?
228 3554 331 3633 Quare
345 3563 445 3618 autem
457 3552 502 3616 sie
517 3561 696 3630 statuerent,
720 3552 795 3617 haee
815 3551 936 3617 videtur
950 3549 1045 3614 fuisse
1060 3571 1163 3628 eausa,

77 3649 134 3727 tttl
157 3650 249 3722 δείδω
281 3656 314 3721 in
342 3675 398 3721 usu
419 3654 582 3740 reperitur,
611 3653 686 3722 esto
716 3677 778 3720 non
799 3655 884 3734 item,
915 3654 1048 3738 quodque
1070 3654 1164 3717 verba

77 3766 132 3828 tura
150 3756 306 3844 enallagen
327 3759 454 3833 vocalis,
478 3778 564 3842 quam
578 3759 744 3842 perfeetum
757 3756 890 3825 δέδοικα
911 3756 1013 3837 subiit,
1038 3775 1161 3841 prorsus

77 3853 214 3939 nluglunt.
258 3860 366 3946 Neque
387 3862 449 3926 illis
469 3862 502 3925 iu
521 3873 653 3928 mentem
675 3861 762 3926 venit
784 3865 878 3928 ἔοικα
897 3860 934 3924 al)
958 3858 1035 3931 atto
1059 3879 1161 3925 uses·

78 3968 137 4018 sero.
179 3959 248 4028 ltenr
270 3965 310 4028 ad
332 3965 504 4030 evitandum
531 3954 782 4050 ἀλλεπάλληλον
803 3963 883 4028 delta
903 3962 1055 4048 genitivos
1070 3950 1159 4049 Σᾶρ·
1199 4040 1200 4043 ¹

82 4049 132 4130 luo
151 4071 180 4126 et
198 4063 396 4157 Χαρύβδιος
417 4067 560 4136 declinari
581 4068 689 4132 volunt
706 4067 821 4132 Aneotl.
838 4065 934 4131 Bekk.
958 4087 989 4152 p.
1005 4063 1100 4136 1192,
1124 4072 1158 4127 et

80 4149 221 4234 Puteanus
234 4170 287 4239 IV.
305 4172 338 4251 6,
361 4170 415 4240 34.
440 4173 660 4252 ,somerset
680 4191 788 4248 casua,
809 4169 1026 4333 inluissm
1041 4164 1159 4235 Graeci
1197 4215 1202 4235 .
