2792 4725
171 307 269 376 ,610
518 301 838 370 utssuuuaulu
868 301 969 370 VIII.

193 477 290 576 χάρις
309 493 344 547 et
361 481 516 552 κελαδεῖν
538 483 653 550 nullan
676 484 759 549 inter
779 504 816 550 so
832 482 947 549 hahent
969 481 1200 566 signiuomuis
1227 480 1321 546 sirni-

194 588 363 652 Iituthnom.
407 585 466 650 Sed
488 597 557 650 utar
576 586 656 652 alios
692 585 1025 671 etymologioehieitur
1051 589 1086 651 ot
1107 583 1320 671 στρατιῶται

197 687 327 763 πολλάς
347 688 542 774 μεταβολάς
561 681 838 776 μεταβάλλουσιν
858 680 995 756 ὑδάτων
1016 712 1055 753 τε
1077 687 1134 754 uei
1154 687 1228 755 τοῖν.
1247 681 1319 756 ἅλ-

194 794 265 860 λαν
287 789 391 858 σίτων
413 791 489 857 PIat.
513 791 584 874 Rep.
610 790 662 856 III.
684 789 760 857 404.
784 791 820 858 t.
848 813 914 856 oum
937 789 1192 856 verho'auxihiari
1217 791 1316 875 λαμ-

194 888 343 984 βάνοντι
362 891 501 967 πλείους
520 886 716 980 μεταβολάς
732 893 992 979 Τ1οορ1ο.·οοοε.
1008 894 1060 959 VI.
1078 893 1114 969 6,
1129 892 1163 957 6.
1187 903 1220 956 et
1239 888 1317 976 οἷήρ

194 998 254 1066 ναλ
270 993 361 1081 ὕδωρ
377 993 439 1070 uois
454 999 504 1069 εἰς
520 990 648 1082 ἄλληλα
663 1009 813 1064 ποιεῖται
829 994 1024 1084 μεταβολάς
1042 998 1079 1062 de
1097 996 1163 1080 Igu.
1181 995 1207 1060 1.
1228 993 1309 1058 705.

195 1101 261 1166 Iam
285 1121 338 1184 pro
362 1098 419 1164 hoe
439 1108 489 1164 ost
512 1097 562 1162 uhi
586 1120 788 1185 synonymum
809 1100 949 1164 substitui
974 1099 1087 1184 possit,
1118 1107 1171 1164 aut
1193 1117 1310 1162 nomen

195 1201 409 1290 μεταλ-λαγοὶο
428 1235 472 1250 ···
491 1194 711 1288 μεταβάλλει,
741 1211 795 1266 aut
815 1203 939 1266 verbum
961 1199 1157 1288 μεταβολάς
1177 1232 1222 1250 -··
1241 1194 1311 1266 οἷλ-

194 1299 325 1384 λόετει,
345 1313 513 1388 postremo,
536 1305 587 1370 uhi
609 1321 682 1376 usus
704 1304 782 1378 fert,
807 1303 1089 1368 homoeosemanton
1110 1299 1311 1388 μεταβολεὶε

195 1443 239 1456 -—
259 1407 432 1474 πλανᾶται
457 1407 508 1472 veI
529 1406 627 1472 simile
648 1406 814 1490 quiddam·
841 1405 874 1468 si
898 1406 1069 1489 'quieuere
1095 1405 1167 1470 dicit
1192 1398 1308 1472 πολλοί

194 1503 354 1599 σχήματα
375 1504 598 1596 μεταβάλλοι,
626 1508 795 1574 iuuenum
818 1525 885 1572 enm
907 1503 1183 1598 Pindarioo'pdpw
1205 1507 1310 1573 τελα-

196 1612 269 1680 οεἷν
290 1612 422 1678 conferri
442 1611 563 1689 lioehit,
594 1612 663 1696 quia
682 1602 777 1699 χάρις
797 1630 860 1676 non
879 1611 998 1696 proprie
1019 1613 1093 1688 sed,
1123 1611 1149 1675 si
1172 1608 1310 1674 Scholia·

195 1726 274 1780 stam
284 1715 449 1800 sequimur,
472 1735 527 1799 per
547 1714 758 1798 metonymian
781 1713 931 1796 signifieat
950 1710 1124 1799 κελάδημα
1142 1703 1310 1801 χαριστή-

195 1841 283 1904 ριον.
321 1818 403 1882 Haeo
423 1828 523 1883 autem
545 1814 697 1880 distiuetiu
720 1831 860 1898 mesum
882 1827 1017 1899 speotet,
1038 1816 1190 1901 apparebit
1211 1815 1239 1878 si
1263 1813 1309 1876 ti-

196 1940 273 1984 xero
295 1918 486 1984 heterosemu
511 1918 592 1984 iuter
617 1937 652 1982 se
676 1918 819 2002 eonjungi
845 1939 953 2002 posse,
984 1939 1152 2003 synonyma
1171 1933 1247 1984 uero
1278 1925 1311 1980 et

196 2022 407 2086 homoeoseme
428 2041 490 2086 nou
511 2021 607 2105 magis
627 2041 714 2104 qoam
728 2022 914 2105 'eonjugatm
939 2021 998 2086 nisi
1019 2018 1151 2106 opposito
1174 2017 1309 2102 epitheto

195 2124 296 2188 aliove
309 2133 567 2207 temperamento.
611 2121 715 2206 Itaque
737 2133 821 2188 reete
843 2124 952 2188 dieitur
974 2119 1167 2211 βασκανίαν
1187 2130 1310 2186 νοσεῖν

137 2272 141 2280 .
195 2225 313 2292 Heliou.
332 2223 437 2296 1119,
457 2224 530 2290 121.
553 2226 608 2290 sed
626 2227 679 2292 uhi
701 2245 812 2290 nomeu
833 2211 946 2292 merum
967 2226 1052 2290 verhi
1074 2225 1226 2290 notionem
1248 2222 1310 2286 ite-

194 2337 261 2404 rat,
283 2328 483 2399 atuiunooto
504 2349 578 2412 opus
600 2339 660 2404 eut,
680 2321 819 2414 νόσημα
840 2325 975 2414 θερμόν
995 2331 1113 2411 νοσεῖν
1133 2325 1243 2391 Galen.
1270 2325 1307 2389 de

196 2430 294 2497 seuit.
318 2430 422 2496 tuend.
443 2429 481 2492 V.
507 2430 571 2506 11.
587 2429 662 2495 156.
685 2432 723 2495 Τ.
742 2431 795 2495 VI.
818 2432 855 2495 do
876 2432 946 2495 Diu.
965 2432 1064 2497 Morh.
1085 2428 1170 2495 XIII.
1193 2450 1224 2512 p.
1249 2426 1305 2491 15.

195 2532 233 2597 Τ.
250 2531 317 2596 vu.
339 2526 445 2599 νόσον
464 2530 557 2599 ἰδίαν
576 2544 694 2600 νοσεῖν
717 2535 754 2597 σε
774 2532 866 2597 [σεε.
883 2532 943 2597 Au.
964 2532 1003 2597 II.
1026 2532 1061 2608 5,
1082 2529 1158 2597 42³.
1181 2530 1219 2595 Τ.
1236 2528 1305 2597 VII.

195 2633 275 2699 Plut.
294 2633 332 2698 V.
355 2633 424 2699 Nio.
449 2656 477 2699 ο.
495 2634 595 2699 XVII.
619 2634 724 2719 Simpl.
746 2636 780 2699 in
802 2635 903 2719 Epist.
923 2634 1017 2699 XIII..
1031 2632 1105 2705 utu.
1131 2652 1229 2716 neque
1250 2632 1307 2697 aIi-

196 2746 245 2801 ter
266 2748 405 2803 onustare
427 2745 553 2823 possunt
573 2756 743 2824 synonyma
764 2749 796 2802 et
817 2737 1026 2801 homoeonema
1047 2729 1308 2810 minuendumve

194 2835 340 2925 νάουσιν
354 2840 431 2905 Plat.
446 2840 520 2925 hep.
534 2840 588 2905 111.
601 2839 678 2907 409.
692 2842 731 2905 Ε.
751 2839 813 2909 hoio
826 2833 943 2930 κάμνῃ
958 2838 1037 2907 τινα
1053 2834 1158 2906 νόοσν
1171 2838 1304 2903 aristot.

195 2940 297 3008 Pruhl.
313 2942 353 3007 V.
374 2942 429 3007 14.
467 2942 525 3005 Sed
546 2940 651 3010 νόσον
671 2935 831 3029 κάμνειν,
853 2945 931 3028 qmu
947 2944 1146 3009 Buttmmus
1164 2938 1307 3026 Sophocli

195 3044 312 3121 tribuit,
327 3044 437 3110 merito
448 3044 634 3128 rejiciunt
645 3045 819 3131 Hemonpo
831 3047 868 3109 ad
882 3045 960 3110 Phil.
973 3042 1050 3112 281.
1073 3043 1177 3128 Neque
1193 3043 1307 3109 labefa-

197 3156 280 3210 etant
295 3145 372 3209 hano
386 3147 534 3229 regulam,
557 3168 633 3231 quae
652 3148 795 3213 Matthiae
807 3148 896 3212 affert
905 3147 1038 3212 Gramm.
1052 3147 1079 3229 §.
1098 3144 1174 3210 408.
1185 3167 1214 3229 p.
1226 3144 1304 3209 745.

196 3245 304 3335 (910.)
325 3248 431 3331 quippe
460 3270 501 3313 ex
521 3248 581 3312 alio
595 3270 716 3336 'genere
737 3250 949 3314 vocabulorum
971 3259 1086 3324 sumta,
1121 3244 1197 3333 quud
1219 3246 1247 3329 ξ.
1270 3244 1303 3313 2.

196 3350 405 3425 tractavimus,
428 3351 479 3415 vel
500 3352 628 3415 reIatIvo
652 3353 809 3436 copulata.
829 3374 886 3437 quo
908 3352 1060 3436 epitheton
1082 3359 1304 3435 compensatur.

195 3450 358 3515 Praeterea
379 3475 453 3537 puae
472 3454 660 3519 enotavimus
681 3466 786 3521 eontra
806 3456 941 3539 regulam
956 3457 1075 3540 juncta,
1098 3472 1201 3541 parum
1218 3461 1306 3517 certo

196 3564 279 3618 suut.
325 3552 360 3618 In
386 3554 537 3621 Plutarchi
559 3556 598 3622 V.
627 3556 738 3621 aemil.
769 3580 796 3622 e.
819 3558 876 3621 IX.
907 3552 1023 3649 μα’χην
1051 3555 1238 3643 ἐπολέμησε
1266 3554 1305 3619 τὸ

196 3653 370 3744 δεύτερον,
403 3661 478 3724 adeo
505 3661 641 3724 mendosi
667 3671 740 3723 sunt
767 3660 902 3737 ootioes,
937 3672 972 3725 ut
997 3661 1068 3728 hiae
1094 3668 1305 3744 argumentum

196 3760 265 3825 duoi
287 3781 348 3825 non
369 3764 476 3847 possit.
518 3762 676 3844 Euripides
698 3763 788 3830 Hero.
812 3760 887 3826 436.
911 3767 942 3829 εἰ
962 3758 1026 3851 poio
1048 3762 1174 3836 σθένος
1193 3756 1305 3849 ἥβαν,

196 3884 307 3929 nomen
329 3886 390 3929 non
412 3886 466 3950 pro
487 3864 629 3929 adverbio
649 3862 826 3953 οθεναρολς
846 3866 897 3931 vel
912 3862 1081 3953 ἦβητιαολς
1102 3864 1237 3949 posuisse
1257 3864 1306 3926 vi·

196 3968 296 4043 detur,
325 3966 379 4030 sed
399 3967 443 4029 ita
469 3976 504 4030 ut
525 3968 742 4052 praepositione
766 3969 921 4055 explanari
936 3968 1031 4054 possit
1050 3963 1136 4040 κατοὶ
1158 3962 1197 4033 οδ
1219 3962 1305 4031 σθέ-

195 4092 267 4143 νος.
304 4068 447 4132 Herodoti
468 4070 562 4135 verha
578 4068 658 4134 VIII.
678 4070 732 4135 74.
756 4071 917 4158 περὶτοῦ
939 4062 1068 4146 παντὸο
1088 4064 1153 4157 ἤδη
1166 4063 1304 4154 Δδρόμον

195 4172 356 4253 θέοντες,
386 4172 561 4239 Eustathius
587 4174 758 4257 idemtidem
784 4176 890 4255 affert,
924 4176 976 4243 sed
1000 4195 1121 4263 semper
1143 4170 1305 4239 urtioulum
