2792 4725
206 409 209 416 Ι
289 310 345 375 οι
373 300 741 378 ιιοιιιιι..ἰιοιιοί
772 308 855 377 c..1
886 309 971 398 §.a
1137 309 1215 379 os·

32 488 34 537 l
110 490 170 577 puod
188 489 354 576 Sylburgius
376 488 541 555 Pausaniae
562 490 689 555 reddere
711 489 886 566 conabatur,
909 499 942 556 et
962 513 1083 578 reprvr,
1107 493 1187 558 undo

108 589 275 679 ιιριιμιιής
299 593 409 676 pendet
434 604 466 658 et
492 591 691 682 Πρευγένης
718 591 846 658 Peucen.
870 591 936 658 Vll.
965 591 1023 669 18,
1045 593 1079 658 4.
1110 593 1187 660 nulli

108 695 205 759 illorum
229 695 394 759 innotuisse
421 695 559 772 videtur,
593 715 650 759 neo
676 694 773 780 magis
799 694 1037 780 monosyllabum
1065 689 1163 783 ηὗρ’
1153 719 1186 762 m

108 797 181 861 lusori
183 808 220 882 pt.
238 795 368 881 Phanag.
391 795 432 860 N.
452 795 549 862 2727.
571 796 640 861 Vol.
660 795 699 860 11.
724 795 815 881 Corp.
835 796 931 862 lusor.
955 789 1022 884 plo
1043 797 1078 864 dt
1102 819 1187 868 συι-
1305 801 1313 814 ”

107 892 201 986 ppoiur
224 897 331 989 χοῖροι
357 902 446 990 ἔχοις
473 897 658 988 φθιμένοιο
662 946 676 980 ,
707 899 793 985 cujus
818 899 986 966 emendatio
1009 899 1106 967 incidis
1132 901 1185 968 sed

105 1004 198 1067 incerte
217 1013 274 1066 est.

169 1148 276 1222 Οὐδὲν
302 1158 351 1231 εἰς
378 1139 437 1231 d}
455 1145 551 1244 λήγει
574 1145 628 1219 ὅτι
651 1146 704 1240 μή
730 1141 843 1239 μόνον
870 1145 910 1218 rd
936 1149 990 1228 ode
1014 1151 1072 1222 end
1098 1149 1185 1242 παρ’

101 1251 240 1332 Ἀττικοῖς
259 1257 299 1325 ed
322 1266 429 1345 φθοῖς
451 1255 552 1321 Sebol.
575 1253 655 1319 Ven.
679 1252 731 1318 lll.
756 1251 830 1319 198.
857 1253 1024 1320 Paullulurn
1046 1257 1185 1338 immutet

100 1354 182 1443 Etym.
199 1360 240 1424 ll.
263 1359 341 1440 629,
364 1359 420 1427 23.
446 1363 476 1426 εἰ
495 1354 547 1445 μή
567 1349 680 1445 μόνον
701 1353 740 1421 τὰ
762 1355 815 1431 οἷς
836 1353 922 1443 παρ’
942 1351 1107 1434 Ἀττικοῖς
1127 1359 1185 1428 eol

98 1458 128 1524 ed
149 1468 263 1545 φθοῖς,
294 1484 370 1547 puae
395 1461 508 1548 pariter
534 1459 626 1524 attica
648 1469 730 1525 sunt.
776 1459 892 1524 Nomen
919 1459 1033 1548 potdrr
1053 1460 1181 1527 Aristot.

98 1560 179 1626 Probl.
196 1563 370 1629 XXXVlll.
392 1563 425 1628 7.
449 1566 526 1648 qnod
547 1563 720 1649 plerumque
743 1561 849 1650 φῴδες
871 1563 1025 1640 scribitur,
1050 1563 1183 1651 singula·

96 1683 148 1726 ιιοι
165 1664 269 1730 hahere
293 1677 383 1752 negat
406 1666 594 1752 Phrynichus
615 1667 690 1750 App.
714 1687 744 1749 p.
768 1661 821 1730 70.
849 1701 892 1714 ·-
921 1665 1126 1752 Monosyllnhc
1150 1667 1183 1732 in

95 1748 144 1840 de
164 1768 360 1855 parisyllabae
382 1768 589 1833 declinationis
612 1777 645 1832 et
665 1767 904 1854 imperisyllabae
925 1768 1074 1851 permixte
1097 1769 1184 1834 exhi·

95 1867 135 1930 bet
151 1869 334 1936 llerodianus
360 1894 391 1956 p.
416 1871 475 1947 14,
497 1869 552 1937 23.
585 1869 696 1944 Γλοῦς
723 1864 741 1935 ὅ
764 1861 888 1960 λῃστής
915 1870 962 1954 (v.
986 1870 1120 1935 Wessel.
1146 1872 1183 1936 nd

93 1969 162 2034 Diod.
177 1971 245 2036 XV.
263 1972 327 2059 3.),
348 1973 461 2054 enoris,
484 1972 582 2062 βοῦς,
604 1968 682 2053 οὖς,
704 1963 802 2052 πούς,
826 1972 902 2056 quod
925 1992 1014 2036 unum
1037 1973 1096 2037 hue
1115 1995 1183 2060 per·

94 2071 155 2153 tinet
169 2084 342 2160 temereque
360 2098 427 2140 curu
443 2076 592 2159 prioribus
610 2076 767 2141 confusum
784 2084 848 2154 estp
872 2094 941 2138 nam
958 2073 1009 2138 illa
1027 2075 1182 2160 diphthon-

92 2196 147 2257 gum
168 2178 217 2241 vel
238 2178 375 2243 vocalem
397 2177 517 2262 longam
539 2177 667 2253 hahent,
698 2172 786 2250 πούς
807 2197 882 2241 vero
907 2188 940 2242 et
960 2170 1059 2252 ὁδούς
1084 2177 1181 2243 auctis

91 2277 195 2363 syllabis
210 2281 246 2344 ad
264 2281 398 2345 nativam
414 2281 592 2345 brevitatem
607 2269 685 2363 (πός
703 2289 734 2344 et
752 2269 862 2363 ddo'vc)
877 2276 1066 2344 relabuntur.
1097 2279 1181 2348 Unde

90 2383 208 2463 arguitur
229 2368 500 2448 Grammaticorum
522 2404 626 2460 error,
650 2394 756 2447 contra
776 2382 925 2448 rationem
946 2380 1012 2447 lieri
1034 2384 1182 2449 affirman-

90 2481 148 2544 tium
164 2487 239 2567 quod
258 2498 421 2569 utrumque
439 2486 558 2550 acuitur
578 2508 610 2549 v.
627 2484 768 2571 Apollon.
789 2485 825 2549 de
839 2484 970 2549 Adrerh.
988 2506 1017 2568 p.
1033 2484 1108 2563 544,
1124 2486 1178 2551 31.

89 2580 180 2647 Joann.
199 2609 229 2671 p.
249 2587 283 2669 7,
307 2586 361 2651 33.
384 2587 499 2652 Αοιοιι.
523 2610 553 2673 p.
576 2585 672 2653 1159.
696 2599 756 2651 etc.
790 2588 888 2671 Atque
910 2580 1009 2661 ὁδούς
1030 2610 1181 2674 nunquam
1219 2563 1224 2596 ⁵

90 2684 164 2751 aliter
183 2684 321 2755 notatum
345 2700 409 2769 est;
443 2690 569 2755 alterius
591 2701 734 2754 accentus
758 2688 857 2754 minus
883 2690 938 2755 sihi
961 2700 1097 2770 constat,
1128 2692 1181 2756 sed

89 2790 152 2868 quod
170 2790 370 2857 buttmannus
396 2794 467 2857 dicit
490 2792 623 2876 Gpamm.
647 2793 676 2876 §.
699 2790 754 2857 41.
777 2794 856 2857 Ado.
880 2790 912 2857 8.
941 2784 1036 2858 multo
1062 2792 1182 2877 saepius

86 2888 160 2965 ποῦς
180 2891 238 2980 legi
258 2917 348 2980 quam
366 2888 465 2975 πούς,
487 2897 561 2959 adeo
580 2894 687 2959 falsum
712 2906 771 2971 est,
794 2904 828 2959 ut
846 2916 916 2981 prae
934 2898 1035 2960 decem
1055 2894 1181 2959 circum-

87 2990 211 3060 flexionis
232 2998 385 3085 exemplis
408 3009 528 3062 eentum
551 2996 703 3061 contraria
723 2996 852 3082 proferri
875 2999 1001 3084 possint.
1038 2996 1099 3061 Soli
1122 2996 1181 3059 lle·

86 3096 177 3178 cyolio
200 3111 309 3164 notum
331 3096 502 3187 Neporie‘
484 3126 502 3165 ο
526 3098 697 3186 στροῦθος
724 3093 826 3167 uel*
806 3114 949 3189 οοιιριον
976 3100 1180 3183 quaestionem

86 3196 227 3266 detrectat.
274 3202 461 3269 Neutrum
452 3224 484 3267 un
510 3203 566 3266 hoc
588 3223 714 3267 numero
742 3223 834 3266 unum
859 3200 1108 3287 deprehenditur,
1141 3196 1180 3267 τό

86 3291 135 3373 οὖς
153 3297 293 3372 aelredo
314 3309 423 3388 ἐστιν,
453 3300 554 3373 οὐδὲν
575 3330 639 3393 pap
662 3300 841 3393 οὐδέτερον
865 3306 912 3379 ele
932 3327 992 3378 ους
1013 3303 1122 3394 λήγει,
1150 3304 1182 3371 el

84 3398 127 3489 μή
144 3398 254 3491 μόνον
276 3405 318 3476 ed
338 3405 399 3484 οὖς
421 3406 656 3473 Choeroboso.
646 3428 679 3471 ru
700 3406 803 3495 Etym.
827 3408 870 3473 bl
892 3404 969 3473 639.
992 3403 1027 3472 8.

584 3628 612 3711 §-
638 3625 670 3692 5.

35 3842 38 3847 Ι
158 3761 210 3826 llis
239 3764 394 3849 percursis
422 3784 517 3849 pauca
543 3763 727 3849 subjicienda
755 3773 827 3828 sunt
853 3764 889 3828 de
918 3763 1057 3829 eonsouis
1085 3763 1180 3847 sigma

86 3850 162 3926 hnale
182 3868 443 3932 antecedentibus.
486 3867 544 3930 Est
569 3876 669 3930 nutem
696 3865 817 3929 unicum
845 3865 932 3951 hujus
959 3866 1179 3932 terminationis

87 3980 182 4029 nomen
208 3967 396 4053 primitivum
425 3970 562 4054 idemque
590 3968 623 4033 in
652 3967 801 4033 communi
830 3989 888 4033 usu
916 3968 1043 4052 positum
1074 3964 1092 4035 ὅ
1120 3964 1181 4042 ἀίς

85 4060 216 4134 llerodot.
242 4069 295 4135 Ν.
320 4070 396 4137 185.
424 4074 552 4137 Aristot.
575 4070 677 4136 Probl.
705 4070 730 4135 l.
753 4067 807 4135 38.
837 4069 903 4135 Vll.
927 4071 960 4137 9.
990 4073 1106 4137 etalio
1134 4070 1180 4134 in·

88 4164 184 4234 ellectu
211 4168 337 4259 p‘oi'tc,
372 4194 538 4262 quanquam
563 4174 639 4239 illud
665 4172 842 4261 plerumque
871 4174 1029 4259 pluraliter
1055 4175 1178 4251 dicitur,
