2792 4725
297 308 357 376 ns
382 306 573 376 corner.
596 306 809 377 ιιιιιοιιι.
839 306 875 375 c.
896 309 936 377 v.
959 310 988 395 ς.
1008 310 1042 378 ι.
1166 313 1239 383 occ
1345 290 1348 299 ’

113 487 165 554 ..lu
185 486 281 575 Regg.
300 488 390 553 Pros.
412 487 452 557 N
475 487 538 566 66,
560 488 635 555 135.
663 486 809 557 θέλοιἰσι
828 484 868 557 ‘cd
888 488 1049 576 ποιδοτρῖ
1047 494 1111 579 βης
1132 492 1239 561 decel—
1320 477 1336 487 *¹

126 614 203 661 νιιν
222 586 444 677 πλονώμινοι
464 595 501 657 ἐκ
521 591 585 659 νοῦ
604 617 675 679 ποιρ
680 587 885 683 ’Ἀρχιλόχῳ
909 593 975 675 (Fr.
999 592 1098 679 124..)
1112 588 1238 682 ἄνδρας

127 696 177 768 ιλς
199 690 426 780 α’μφίιριβας,
455 692 645 760 llcrmannus
669 689 882 784 οἶμφιτρίβοις
908 697 1033 783 corrigit
1057 697 1174 773 activa,
1204 710 1240 763 ut

126 796 267 873 ridetur,
286 806 444 881 potestate
467 816 555 881 qnam
574 796 798 914 παιδοτρίβης
820 781 910 861 hamt
933 809 981 875 et,
1011 810 1103 884 pcto,
1132 823 1239 886 μισο-

109 896 247 986 ’τρίβης
268 898 380 962 Athen.
399 896 453 961 111.
478 898 551 962 111.
570 899 607 962 C.
630 921 685 976 ao,
709 900 767 964 nisi
789 899 904 986 syllaba
925 900 1018 986 longa
1039 913 1120 968 esset
1134 903 1179 986 ¹⁵)
1201 903 1237 967 ah

127 1001 204 1076 illis,
226 999 277 1085 qui
298 999 570 1085 reprehenduntur,
592 1022 654 1065 nou
673 1001 822 1089 potuisset
841 1023 895 1085 pro
917 1014 1093 1086 argumento
1115 1004 1235 1084 offerri,

128 1102 332 1187 reprehensor
356 1122 432 1166 vero
459 1112 555 1165 metro
581 1102 672 1167 aliter
698 1103 861 1167 constituto
887 1098 1097 1191 οἷμφίτριβοις
1126 1104 1236 1191 legisse

128 1205 255 1271 videtur
272 1204 423 1268 contraria
440 1204 578 1288 prosodia
600 1215 631 1268 ct
649 1204 867 1287 significatione
891 1216 925 1269 ut
944 1199 1095 1293 ἀκριβής,
1118 1210 1236 1276 ποιλιν·

127 1302 263 1394 τριβή-ς,
287 1301 494 1393 περιτριβής.
535 1305 746 1371 Nominativos
771 1306 908 1397 χέρνιψ,
937 1304 1052 1393 dequo
1075 1310 1235 1377 Passovius

128 1409 297 1483 dubitabat,
320 1408 562 1493 legiturAesch.
587 1408 675 1472 Eum.
699 1407 775 1473 656.
799 1410 929 1495 Hesyoh.
954 1431 981 1474 s.
1003 1410 1235 1496 Χροοοροινίς,

128 1513 252 1598 ejusque
274 1531 362 1575 casus
383 1510 522 1595 dactylici
542 1532 591 1595 ap.
610 1511 784 1587 Homerum,
807 1512 1007 1596 Thucydidem
1026 1512 1077 1576 lV.
1097 1512 1151 1578 97.
1175 1515 1236 1601 Ly·

125 1613 193 1679 siau
214 1634 243 1677 o.
260 1612 338 1676 And.
360 1634 390 1697 p.
409 1611 482 1677 168.
506 1612 754 1699 l.'Aeschylum,
779 1612 958 1699 Sophoclem
976 1614 1109 1699 aliosque
1131 1637 1235 1701 propa·

125 1714 272 1801 roxytoui
297 1725 386 1791 sunt,
416 1716 554 1800 arubigpo
581 1716 655 1798 apud
678 1714 850 1798 Euripidem
876 1727 907 1780 ot
927 1716 1156 1801 Aristophanem
1183 1738 1235 1783 ac·

103 1829 218 1883 centu
239 1837 271 1880 v.
296 1817 461 1882 Hermann.
485 1818 522 1881 ad
543 1818 633 1881 llere.
657 1814 734 1900 924.
780 1816 891 1881 Omitto
915 1819 991 1902 quod
1015 1818 1152 1883 nonnulli
1175 1818 1230 1883 0d.

123 1918 213 1985 XXl.
238 1917 314 1984 395.
347 1920 534 2003 scripserunt
559 1907 715 2005 κιροιῗπις
742 1914 819 1986 circi
845 1920 908 1985 voti
936 1924 972 1985 ἐν
1000 1932 1072 1993 τοῖς
1096 1919 1233 2006 κέρασιν

126 2020 216 2102 ἶπες,
234 2020 421 2086 lascivientis
438 2022 552 2106 ingenii
568 2033 781 2097 commentum,
802 2030 833 2087 et
847 2022 1015 2108 hligdolibs,
1036 2023 1112 2105 quod
1128 2021 1232 2088 Plauto

124 2125 279 2191 tribuitur.
326 2123 360 2188 ln
388 2110 440 2209 ιῖψ
464 2143 539 2207 quae
566 2125 707 2188 desinunt
734 2124 832 2189 omnia
860 2126 983 2189 eandem
1008 2123 1154 2208 originem
1181 2123 1233 2187 ha·

100 2292 103 2296 .
123 2228 216 2304 bont,
238 2222 312 2315 οἷοψ
331 2249 378 2291 eur
370 2226 526 2289 ‘leosso
505 2226 610 2311 graphi
629 2228 702 2291 duos
721 2227 945 2311 subjiciunt„
900 2249 948 2291 ιιι
929 2220 1173 2291 «ιιιίἣοοιὶοιιοι’
1151 2221 1233 2295 οινό-

125 2331 291 2456 φθαλμρς
317 2340 348 2395 et
372 2322 531 2448 pi'poroor,
560 2330 730 2414 pariterque
757 2322 888 2416 ειὶρύοψ
915 2326 1007 2416 παροὶ
1029 2327 1111 2450 copis
1138 2323 1232 2405 einer

122 2459 146 2519 η
167 2458 260 2523 παρα
284 2432 348 2518 κήν
370 2426 439 2499 ὅποι
459 2432 561 2516 Etym.
585 2433 627 2496 Μ.
658 2454 716 2516 quo
743 2433 899 2496 intellectu
927 2443 973 2497 est
1000 2429 1152 2549 εὐρύοπα
1176 2432 1232 2500 κε’·

122 2534 229 2604 λαδον
250 2534 365 2600 veteris
387 2545 492 2653 poetae
513 2555 560 2618 ap.
580 2534 733 2600 Plutarch.
764 2534 831 2600 Non
855 2556 934 2619 poss.
956 2555 1042 2600 suav.
1065 2537 1128 2599 viv.
1144 2535 1229 2601 Xlll.
1266 2559 1281 2569 s

81 2701 85 2710 .
123 2637 200 2703 475.
223 2641 317 2724 ἔποψ
338 2627 487 2722 ἐπόπτης
509 2647 541 2700 et
561 2634 644 2722 διὀψ
664 2631 846 2725 οιιιονόμος
865 2637 995 2723 Hesych.
1032 2637 1232 2704 Terminatio·
1327 2628 1329 2638 ’

124 2741 174 2806 nis
201 2741 271 2804 huio
297 2740 451 2825 proximae
479 2739 593 2803 nohum
618 2740 746 2824 proferri
771 2751 869 2825 potest
891 2739 1078 2824 exemplum,
1110 2751 1231 2826 practer

121 2839 262 2925 πώλνψ,
283 2843 337 2907 sed
357 2861 376 2905 a
394 2832 467 2926 γύψ
484 2840 634 2905 Lucienus
656 2842 746 2906 linxit
768 2835 1003 2930 innoyv'orovr·
1029 2844 1095 2927 ejus
1116 2854 1230 2920 autem,

102 2942 198 3031 'quae
212 2931 249 3012 h·
269 2945 390 3029 longum
412 2943 566 3019 continet,
588 2965 649 3006 non
672 2965 780 3027 pauca,
806 2940 1081 3032 παλαιομώλοιψ,
1102 2944 1231 3034 χαμαί-

123 3047 235 3139 δρωψ.
245 3043 430 3120 ιιίίοκωιιις
441 3046 551 3109 Athen.
567 3046 633 3110 sive
649 3041 832 3122 αἰιοκιῐιπες
844 3049 971 3112 Aristot.
984 3042 1085 3133 ἅζωψ
1097 3047 1227 3132 hesych.

122 3161 156 3216 et
175 3172 195 3214 a
215 3150 351 3216 verbisc‘
365 3150 434 3215 τῶν
456 3142 676 3237 ἀρχικλώπων
697 3149 848 3213 Plutarch.
871 3148 1095 3238 βιαιοκλώιιις
1116 3146 1230 3234 οἷρπιι·

121 3249 183 3342 χοί
205 3252 355 3338 Lycophr.
386 3247 580 3338 παραβλῶψ
600 3251 709 3336 Synes.
733 3251 787 3334 Ep.
808 3250 864 3315 lv.
890 3250 962 3317 169.
987 3251 1021 3314 Β.
1053 3251 1231 3337 κννοβλῶ-

121 3379 185 3430 πες
213 3355 344 3441 hesych.
369 3355 405 3418 de
428 3351 551 3438 quorun
579 3364 705 3417 accentu
730 3355 793 3440 jam
818 3365 938 3418 veteres
965 3353 1169 3446 disceptarunt
1194 3375 1227 3418 v.

123 3458 161 3522 ad
175 3457 226 3542 Α).
246 3480 275 3542 p.
293 3455 369 3521 469.
402 3458 454 3520 flis
476 3467 575 3541 autem
598 3457 735 3519 omuibus
757 3457 912 3540 adjunctae
934 3466 1005 3519 sunt
1026 3457 1140 3520 iormae
1161 3478 1231 3541 pro-

122 3561 270 3638 lixiorcs,
301 3581 373 3643 quas
396 3559 587 3622 Granrmatici
609 3560 646 3623 ad
668 3559 849 3621 anadromen
877 3557 994 3622 referre
1016 3558 1133 3633 solent,
1165 3555 1231 3624 οἷν-

121 3660 303 3751 θοβοέῳος,
325 3653 615 3748 πορφνροβοῖψος,
638 3655 802 3748 ἄψλιβος,
825 3655 1070 3746 αἰλιχλόφλιβος,
1093 3658 1231 3746 decipis·
1284 3649 1286 3652 ’

121 3768 201 3854 βος,
228 3757 467 3851 οτινόφλεβος,
495 3764 649 3853 χέρνιβος
676 3763 727 3827 vel
749 3763 845 3848 potius
867 3761 1026 3852 χέρνιβον
1053 3783 1084 3825 v.
1109 3761 1228 3826 Jacobs.

122 3868 160 3932 ad
177 3867 297 3932 Aelian.
316 3888 346 3951 p.
362 3863 438 3930 310.
463 3858 663 3955 ιῖχοὶννιφος,
685 3861 858 3954 δύςνιψος,
877 3860 998 3946 οἷοπος,
1019 3861 1138 3938 δίοπος
1159 3861 1232 3950 (κοιλ

125 4021 337 4037 Ἤ

192 4107 239 4174 15)
263 4101 302 4160 Oc‘
318 4102 497 4178 κιιδιτρῖβαι
512 4107 623 4162 Aristot.
640 4107 696 4162 Pol.
716 4107 759 4162 111.
779 4108 828 4170 ll,
853 4108 877 4160 6.
901 4106 1021 4175 proprius
1047 4113 1104 4158 esse
1125 4106 1232 4158 videtur

122 4193 278 4247 Sebueidori
294 4209 381 4247 error.
