<?xml version="1.0" encoding="UTF-8"?>
<!DOCTYPE html PUBLIC "-//W3C//DTD XHTML 1.0 Transitional//EN"
    "http://www.w3.org/TR/xhtml1/DTD/xhtml1-transitional.dtd">
<html xmlns="http://www.w3.org/1999/xhtml" xml:lang="en" lang="en">
 <head>
  <title>
</title>
<meta http-equiv="Content-Type" content="text/html;charset=utf-8" />
  <meta name='ocr-system' content='tesseract 3.04.00' />
  <meta name='ocr-capabilities' content='ocr_page ocr_carea ocr_par ocr_line ocrx_word'/>
</head>
<body>
  <div class='ocr_page' id='page_1' title='image "./paralipomenagra02lobegoog_0394.png"; bbox 0 0 2792 4725; ppageno 0'>
   <div class='ocr_carea' id='block_1_1' title="bbox 173 298 920 370">
    <p class='ocr_par' dir='ltr' id='par_1_1' title="bbox 173 298 920 370">
     <span class='ocr_line' id='line_1_1' title="bbox 173 298 920 370; baseline 0 -2"><span class='ocrx_word' id='word_1_1' title='bbox 173 298 245 368; x_wconf 75' lang='lat'>566</span> <span class='ocrx_word' id='word_1_2' title='bbox 323 342 326 351; x_wconf 89' lang='lat'>.</span> <span class='ocrx_word' id='word_1_3' title='bbox 536 300 851 369; x_wconf 79' lang='lat' dir='ltr'>ntssunuasto</span> <span class='ocrx_word' id='word_1_4' title='bbox 880 304 920 370; x_wconf 85' lang='lat' dir='ltr'>V.</span> 
     </span>
    </p>
   </div>
   <div class='ocr_carea' id='block_1_2' title="bbox 170 480 1307 789">
    <p class='ocr_par' dir='ltr' id='par_1_2' title="bbox 170 480 1307 789">
     <span class='ocr_line' id='line_1_2' title="bbox 172 480 1292 579; baseline 0.004 -34"><span class='ocrx_word' id='word_1_5' title='bbox 172 490 306 579; x_wconf 74' lang='lat' dir='ltr'>mentum</span> <span class='ocrx_word' id='word_1_6' title='bbox 328 480 458 559; x_wconf 84' lang='lat' dir='ltr'>ducam,</span> <span class='ocrx_word' id='word_1_7' title='bbox 479 480 617 566; x_wconf 71' lang='lat' dir='ltr'>trasarice</span> <span class='ocrx_word' id='word_1_8' title='bbox 637 484 818 569; x_wconf 78' lang='lat' dir='ltr'>adjectivum</span> <span class='ocrx_word' id='word_1_9' title='bbox 839 500 931 558; x_wconf 89' lang='lat' dir='ltr'>assa,</span> <span class='ocrx_word' id='word_1_10' title='bbox 953 492 1025 547; x_wconf 86' lang='lat' dir='ltr'>anta</span> <span class='ocrx_word' id='word_1_11' title='bbox 1048 484 1153 547; x_wconf 89' lang='lat' dir='ltr'>oculos</span> <span class='ocrx_word' id='word_1_12' title='bbox 1175 484 1292 569; x_wconf 87' lang='lat' dir='ltr'>positis</span> 
     </span>
     <span class='ocr_line' id='line_1_3' title="bbox 173 582 1307 683; baseline 0.003 -36"><span class='ocrx_word' id='word_1_13' title='bbox 173 582 342 647; x_wconf 91' lang='lat' dir='ltr'>nominibus</span> <span class='ocrx_word' id='word_1_14' title='bbox 363 586 529 670; x_wconf 72' lang='lat' dir='ltr'>emaqaa‘ae,</span> <span class='ocrx_word' id='word_1_15' title='bbox 553 585 711 661; x_wconf 75' lang='lat' dir='ltr'>indomita,</span> <span class='ocrx_word' id='word_1_16' title='bbox 740 586 913 671; x_wconf 74' lang='lat' dir='ltr'><em>suppetiae.</em></span> <span class='ocrx_word' id='word_1_17' title='bbox 959 582 1077 648; x_wconf 89' lang='lat' dir='ltr'>Varum</span> <span class='ocrx_word' id='word_1_18' title='bbox 1106 586 1197 672; x_wconf 86' lang='lat' dir='ltr'>bajas</span> <span class='ocrx_word' id='word_1_19' title='bbox 1226 607 1307 683; x_wconf 24' lang='lat' dir='ltr'>aru-¹</span> 
     </span>
     <span class='ocr_line' id='line_1_4' title="bbox 170 682 1299 789; baseline 0.004 -41"><span class='ocrx_word' id='word_1_20' title='bbox 170 682 324 771; x_wconf 81' lang='lat' dir='ltr'>biguitatis</span> <span class='ocrx_word' id='word_1_21' title='bbox 346 687 482 770; x_wconf 82' lang='lat' dir='ltr'>quemvis</span> <span class='ocrx_word' id='word_1_22' title='bbox 503 684 595 750; x_wconf 87' lang='lat' dir='ltr'>multa</span> <span class='ocrx_word' id='word_1_23' title='bbox 613 685 956 789; x_wconf 57' lang='lat' dir='ltr'>exemfflmtab-em‘m</span> <span class='ocrx_word' id='word_1_24' title='bbox 983 697 1085 751; x_wconf 70' lang='lat' dir='ltr'>nmen</span> <span class='ocrx_word' id='word_1_25' title='bbox 1100 687 1178 751; x_wconf 87' lang='lat' dir='ltr'>baud</span> <span class='ocrx_word' id='word_1_26' title='bbox 1196 709 1299 773; x_wconf 81' lang='lat' dir='ltr'>pauca</span> 
     </span>
    </p>
   </div>
   <div class='ocr_carea' id='block_1_3' title="bbox 171 788 1297 957">
    <p class='ocr_par' dir='ltr' id='par_1_3' title="bbox 171 788 1297 957">
     <span class='ocr_line' id='line_1_5' title="bbox 171 788 1297 887; baseline 0.002 -36"><span class='ocrx_word' id='word_1_27' title='bbox 171 798 289 851; x_wconf 87' lang='lat' dir='ltr'>restant</span> <span class='ocrx_word' id='word_1_28' title='bbox 310 799 341 852; x_wconf 87' lang='lat' dir='ltr'>at</span> <span class='ocrx_word' id='word_1_29' title='bbox 363 790 494 887; x_wconf 81' lang='lat' dir='ltr'>maxima</span> <span class='ocrx_word' id='word_1_30' title='bbox 516 788 638 853; x_wconf 87' lang='lat' dir='ltr'>uomina</span> <span class='ocrx_word' id='word_1_31' title='bbox 658 788 691 854; x_wconf 92' lang='lat' dir='ltr'>in</span> <span class='ocrx_word' id='word_1_32' title='bbox 713 813 786 865; x_wconf 89' lang='grc' dir='ltr'><strong><em>ινος</em></strong></span> <span class='ocrx_word' id='word_1_33' title='bbox 807 800 839 854; x_wconf 90' lang='lat' dir='ltr'>at</span> <span class='ocrx_word' id='word_1_34' title='bbox 857 812 942 863; x_wconf 97' lang='grc' dir='ltr'><strong><em>υνος</em></strong></span> <span class='ocrx_word' id='word_1_35' title='bbox 956 790 1114 866; x_wconf 81' lang='lat' dir='ltr'>axaumia,</span> <span class='ocrx_word' id='word_1_36' title='bbox 1137 810 1215 874; x_wconf 82' lang='lat' dir='ltr'>qnae</span> <span class='ocrx_word' id='word_1_37' title='bbox 1229 789 1297 855; x_wconf 82' lang='lat' dir='ltr'>elio</span> 
     </span>
     <span class='ocr_line' id='line_1_6' title="bbox 171 887 638 957; baseline 0 -4"><span class='ocrx_word' id='word_1_38' title='bbox 171 887 239 953; x_wconf 89' lang='lat' dir='ltr'>loco</span> <span class='ocrx_word' id='word_1_39' title='bbox 262 890 298 955; x_wconf 88' lang='lat' dir='ltr'>da</span> <span class='ocrx_word' id='word_1_40' title='bbox 319 891 469 957; x_wconf 86' lang='lat' dir='ltr'>industria</span> <span class='ocrx_word' id='word_1_41' title='bbox 491 891 638 955; x_wconf 88' lang='lat' dir='ltr'>tractabo.</span> 
     </span>
    </p>
   </div>
   <div class='ocr_carea' id='block_1_4' title="bbox 687 990 775 1077">
    <p class='ocr_par' dir='ltr' id='par_1_4' title="bbox 687 990 775 1077">
     <span class='ocr_line' id='line_1_7' title="bbox 687 990 775 1077; baseline 0.011 -22"><span class='ocrx_word' id='word_1_42' title='bbox 687 994 716 1077; x_wconf 69' lang='grc' dir='ltr'>ς.</span> <span class='ocrx_word' id='word_1_43' title='bbox 742 990 775 1056; x_wconf 84' lang='lat'>⁷.</span> 
     </span>
    </p>
   </div>
   <div class='ocr_carea' id='block_1_5' title="bbox 169 1101 1295 1614">
    <p class='ocr_par' dir='ltr' id='par_1_5' title="bbox 169 1101 1295 1614">
     <span class='ocr_line' id='line_1_8' title="bbox 256 1101 1295 1201; baseline 0.002 -24"><span class='ocrx_word' id='word_1_44' title='bbox 256 1111 397 1199; x_wconf 89' lang='lat' dir='ltr'>Sequitur</span> <span class='ocrx_word' id='word_1_45' title='bbox 411 1112 447 1177; x_wconf 90' lang='lat' dir='ltr'>da</span> <span class='ocrx_word' id='word_1_46' title='bbox 464 1110 634 1197; x_wconf 86' lang='lat' dir='ltr'>compositis</span> <span class='ocrx_word' id='word_1_47' title='bbox 653 1111 812 1197; x_wconf 85' lang='lat' dir='ltr'>disputatio</span> <span class='ocrx_word' id='word_1_48' title='bbox 828 1114 928 1198; x_wconf 86' lang='lat' dir='ltr'>priora</span> <span class='ocrx_word' id='word_1_49' title='bbox 948 1101 1026 1176; x_wconf 87' lang='lat' dir='ltr'>baud</span> <span class='ocrx_word' id='word_1_50' title='bbox 1052 1112 1151 1196; x_wconf 83' lang='lat' dir='ltr'>paullo</span> <span class='ocrx_word' id='word_1_51' title='bbox 1167 1115 1295 1201; x_wconf 80' lang='lat' dir='ltr'>perpla-</span> 
     </span>
     <span class='ocr_line' id='line_1_9' title="bbox 170 1212 1294 1303; baseline 0.002 -24"><span class='ocrx_word' id='word_1_52' title='bbox 170 1214 253 1279; x_wconf 84' lang='lat' dir='ltr'>xior.</span> <span class='ocrx_word' id='word_1_53' title='bbox 290 1214 436 1299; x_wconf 86' lang='lat' dir='ltr'>Exemplo</span> <span class='ocrx_word' id='word_1_54' title='bbox 459 1214 499 1278; x_wconf 85' lang='lat' dir='ltr'>sit</span> <span class='ocrx_word' id='word_1_55' title='bbox 523 1234 633 1277; x_wconf 88' lang='lat' dir='ltr'>nomen</span> <span class='ocrx_word' id='word_1_56' title='bbox 648 1212 860 1303; x_wconf 84' lang='grc' dir='ltr'><strong><em>χαυλιόδονς,</em></strong></span> <span class='ocrx_word' id='word_1_57' title='bbox 883 1218 968 1301; x_wconf 89' lang='lat' dir='ltr'>cujus</span> <span class='ocrx_word' id='word_1_58' title='bbox 990 1216 1131 1279; x_wconf 85' lang='lat' dir='ltr'>etforma</span> <span class='ocrx_word' id='word_1_59' title='bbox 1145 1217 1294 1303; x_wconf 78' lang='lat' dir='ltr'>adjectivi</span> 
     </span>
     <span class='ocr_line' id='line_1_10' title="bbox 171 1297 1292 1405; baseline 0.004 -25"><span class='ocrx_word' id='word_1_60' title='bbox 171 1316 278 1380; x_wconf 87' lang='lat' dir='ltr'>similis</span> <span class='ocrx_word' id='word_1_61' title='bbox 293 1328 340 1380; x_wconf 91' lang='lat' dir='ltr'>est</span> <span class='ocrx_word' id='word_1_62' title='bbox 358 1328 392 1381; x_wconf 88' lang='lat' dir='ltr'>ut</span> <span class='ocrx_word' id='word_1_63' title='bbox 406 1307 644 1405; x_wconf 66' lang='grc' dir='ltr'>καρχαρόδους,</span> <span class='ocrx_word' id='word_1_64' title='bbox 669 1297 848 1404; x_wconf 76' lang='grc' dir='ltr'><strong><em>δργιόδους</em></strong></span> <span class='ocrx_word' id='word_1_65' title='bbox 863 1328 922 1381; x_wconf 89' lang='lat' dir='ltr'>atc.</span> <span class='ocrx_word' id='word_1_66' title='bbox 947 1328 978 1381; x_wconf 91' lang='lat' dir='ltr'>et</span> <span class='ocrx_word' id='word_1_67' title='bbox 1000 1319 1198 1397; x_wconf 79' lang='lat' dir='ltr'>constructio,</span> <span class='ocrx_word' id='word_1_68' title='bbox 1222 1315 1292 1385; x_wconf 84' lang='grc' dir='ltr'>νοῖ-</span> 
     </span>
     <span class='ocr_line' id='line_1_11' title="bbox 169 1410 1291 1509; baseline 0.001 -24"><span class='ocrx_word' id='word_1_69' title='bbox 169 1441 257 1505; x_wconf 78' lang='grc' dir='ltr'><strong><em>ποος</em></strong></span> <span class='ocrx_word' id='word_1_70' title='bbox 277 1410 486 1509; x_wconf 78' lang='grc' dir='ltr'><strong><em>χαυλιόδους.</em></strong></span> <span class='ocrx_word' id='word_1_71' title='bbox 534 1418 590 1481; x_wconf 85' lang='lat' dir='ltr'>Sed</span> <span class='ocrx_word' id='word_1_72' title='bbox 613 1418 780 1497; x_wconf 89' lang='lat' dir='ltr'>sidentes,</span> <span class='ocrx_word' id='word_1_73' title='bbox 804 1440 878 1504; x_wconf 89' lang='lat' dir='ltr'>quos</span> <span class='ocrx_word' id='word_1_74' title='bbox 900 1418 1045 1483; x_wconf 87' lang='lat' dir='ltr'>nonnulla</span> <span class='ocrx_word' id='word_1_75' title='bbox 1067 1422 1207 1486; x_wconf 87' lang='lat' dir='ltr'>animalia</span> <span class='ocrx_word' id='word_1_76' title='bbox 1233 1421 1291 1486; x_wconf 84' lang='lat' dir='ltr'>ba·</span> 
     </span>
     <span class='ocr_line' id='line_1_12' title="bbox 170 1520 1290 1614; baseline 0.007 -30"><span class='ocrx_word' id='word_1_77' title='bbox 170 1520 244 1584; x_wconf 91' lang='lat' dir='ltr'>bant</span> <span class='ocrx_word' id='word_1_78' title='bbox 266 1521 457 1605; x_wconf 82' lang='lat' dir='ltr'>peculiariter</span> <span class='ocrx_word' id='word_1_79' title='bbox 478 1531 618 1585; x_wconf 79' lang='lat' dir='ltr'>exsertos</span> <span class='ocrx_word' id='word_1_80' title='bbox 651 1532 682 1586; x_wconf 90' lang='lat' dir='ltr'>et</span> <span class='ocrx_word' id='word_1_81' title='bbox 702 1522 846 1601; x_wconf 84' lang='lat' dir='ltr'>falcatos,</span> <span class='ocrx_word' id='word_1_82' title='bbox 880 1522 1016 1586; x_wconf 89' lang='lat' dir='ltr'>absolute</span> <span class='ocrx_word' id='word_1_83' title='bbox 1041 1522 1181 1587; x_wconf 88' lang='lat' dir='ltr'>dicantar</span> <span class='ocrx_word' id='word_1_84' title='bbox 1200 1548 1290 1614; x_wconf 88' lang='grc' dir='ltr'><strong><em>χαυ-</em></strong></span> 
     </span>
    </p>
   </div>
   <div class='ocr_carea' id='block_1_6' title="bbox 66 1613 1290 1713">
    <p class='ocr_par' dir='ltr' id='par_1_6' title="bbox 66 1613 1290 1713">
     <span class='ocr_line' id='line_1_13' title="bbox 66 1613 1290 1713; baseline 0.004 -24"><span class='ocrx_word' id='word_1_85' title='bbox 66 1708 68 1713; x_wconf 90' lang='lat'><em>.</em></span> <span class='ocrx_word' id='word_1_86' title='bbox 170 1613 393 1708; x_wconf 74' lang='lat' dir='ltr'>baddovcrc⁸³)</span> <span class='ocrx_word' id='word_1_87' title='bbox 416 1622 548 1707; x_wconf 84' lang='lat' dir='ltr'>itemque</span> <span class='ocrx_word' id='word_1_88' title='bbox 576 1623 682 1707; x_wconf 82' lang='lat' dir='ltr'>dautes</span> <span class='ocrx_word' id='word_1_89' title='bbox 711 1625 811 1687; x_wconf 88' lang='lat' dir='ltr'>canini</span> <span class='ocrx_word' id='word_1_90' title='bbox 833 1616 1048 1701; x_wconf 81' lang='grc' dir='ltr'><strong><em>νυνόδοντες,</em></strong></span> <span class='ocrx_word' id='word_1_91' title='bbox 1068 1625 1197 1690; x_wconf 80' lang='lat' dir='ltr'>moderes</span> <span class='ocrx_word' id='word_1_92' title='bbox 1218 1650 1290 1713; x_wconf 82' lang='grc' dir='ltr'>μυ·</span> 
     </span>
    </p>
   </div>
   <div class='ocr_carea' id='block_1_7' title="bbox 106 1722 1290 3764">
    <p class='ocr_par' dir='ltr' id='par_1_7' title="bbox 106 1722 1290 3764">
     <span class='ocr_line' id='line_1_14' title="bbox 170 1722 1290 1807; baseline 0.001 -14"><span class='ocrx_word' id='word_1_93' title='bbox 170 1722 340 1806; x_wconf 80' lang='grc' dir='ltr'><strong><em>λόδοντος,</em></strong></span> <span class='ocrx_word' id='word_1_94' title='bbox 364 1727 400 1789; x_wconf 88' lang='lat' dir='ltr'>ed</span> <span class='ocrx_word' id='word_1_95' title='bbox 423 1724 603 1789; x_wconf 84' lang='lat' dir='ltr'>substantivi</span> <span class='ocrx_word' id='word_1_96' title='bbox 626 1738 764 1790; x_wconf 85' lang='lat' dir='ltr'>naturam</span> <span class='ocrx_word' id='word_1_97' title='bbox 785 1729 929 1791; x_wconf 88' lang='lat' dir='ltr'>accedere</span> <span class='ocrx_word' id='word_1_98' title='bbox 945 1727 1074 1791; x_wconf 90' lang='lat' dir='ltr'>videtur.</span> <span class='ocrx_word' id='word_1_99' title='bbox 1122 1727 1290 1807; x_wconf 84' lang='lat' dir='ltr'>Quaeritur</span> 
     </span>
     <span class='ocr_line' id='line_1_15' title="bbox 170 1826 1288 1921; baseline 0.005 -28"><span class='ocrx_word' id='word_1_100' title='bbox 170 1849 244 1914; x_wconf 83' lang='lat' dir='ltr'>argo</span> <span class='ocrx_word' id='word_1_101' title='bbox 267 1829 366 1893; x_wconf 88' lang='lat' dir='ltr'>duone</span> <span class='ocrx_word' id='word_1_102' title='bbox 388 1826 448 1893; x_wconf 88' lang='lat' dir='ltr'>siut</span> <span class='ocrx_word' id='word_1_103' title='bbox 471 1828 582 1892; x_wconf 89' lang='lat' dir='ltr'>diversi</span> <span class='ocrx_word' id='word_1_104' title='bbox 605 1828 728 1913; x_wconf 84' lang='lat' dir='ltr'>generis</span> <span class='ocrx_word' id='word_1_105' title='bbox 749 1830 870 1894; x_wconf 88' lang='lat' dir='ltr'>nomina</span> <span class='ocrx_word' id='word_1_106' title='bbox 892 1852 930 1895; x_wconf 86' lang='lat' dir='ltr'>au</span> <span class='ocrx_word' id='word_1_107' title='bbox 954 1851 1022 1893; x_wconf 93' lang='lat' dir='ltr'>cum</span> <span class='ocrx_word' id='word_1_108' title='bbox 1035 1830 1182 1914; x_wconf 86' lang='lat' dir='ltr'>adjectivo</span> <span class='ocrx_word' id='word_1_109' title='bbox 1197 1856 1288 1921; x_wconf 87' lang='grc' dir='ltr'><strong><em>χαυ-</em></strong></span> 
     </span>
     <span class='ocr_line' id='line_1_16' title="bbox 169 1925 1289 2017; baseline -0.001 -17"><span class='ocrx_word' id='word_1_110' title='bbox 169 1925 317 2009; x_wconf 77' lang='grc' dir='ltr'><strong><em>λιόδους,</em></strong></span> <span class='ocrx_word' id='word_1_111' title='bbox 342 1930 391 1995; x_wconf 93' lang='lat' dir='ltr'>ubi</span> <span class='ocrx_word' id='word_1_112' title='bbox 414 1932 449 1994; x_wconf 89' lang='lat' dir='ltr'>da</span> <span class='ocrx_word' id='word_1_113' title='bbox 472 1931 609 1995; x_wconf 89' lang='lat' dir='ltr'>dentibus</span> <span class='ocrx_word' id='word_1_114' title='bbox 632 1932 754 2005; x_wconf 85' lang='lat' dir='ltr'>dicitur,</span> <span class='ocrx_word' id='word_1_115' title='bbox 778 1932 895 1997; x_wconf 83' lang='lat' dir='ltr'>occulte</span> <span class='ocrx_word' id='word_1_116' title='bbox 917 1932 1025 2017; x_wconf 82' lang='lat' dir='ltr'>gliscat</span> <span class='ocrx_word' id='word_1_117' title='bbox 1046 1932 1129 1995; x_wconf 91' lang='lat' dir='ltr'>notio</span> <span class='ocrx_word' id='word_1_118' title='bbox 1144 1935 1289 1999; x_wconf 82' lang='lat' dir='ltr'>substan·</span> 
     </span>
     <span class='ocr_line' id='line_1_17' title="bbox 169 2030 1288 2125; baseline 0.003 -25"><span class='ocrx_word' id='word_1_119' title='bbox 169 2034 244 2114; x_wconf 80' lang='lat' dir='ltr'>dvi,</span> <span class='ocrx_word' id='word_1_120' title='bbox 268 2034 345 2120; x_wconf 86' lang='lat' dir='ltr'>qaod</span> <span class='ocrx_word' id='word_1_121' title='bbox 376 2032 484 2122; x_wconf 79' lang='grc' dir='ltr'><strong><em>ῥητῶς</em></strong></span> <span class='ocrx_word' id='word_1_122' title='bbox 514 2034 625 2097; x_wconf 87' lang='lat' dir='ltr'>eddidit</span> <span class='ocrx_word' id='word_1_123' title='bbox 653 2034 821 2097; x_wconf 87' lang='lat' dir='ltr'>Herodotus</span> <span class='ocrx_word' id='word_1_124' title='bbox 845 2032 882 2097; x_wconf 90' lang='grc' dir='ltr'>ΙΙ.</span> <span class='ocrx_word' id='word_1_125' title='bbox 906 2032 960 2098; x_wconf 88' lang='grc'>68.</span> <span class='ocrx_word' id='word_1_126' title='bbox 991 2030 1125 2109; x_wconf 79' lang='grc' dir='ltr'><strong><em>ὀδόντες</em></strong></span> <span class='ocrx_word' id='word_1_127' title='bbox 1147 2030 1288 2125; x_wconf 86' lang='grc' dir='ltr'><strong><em>χαυλιό-</em></strong></span> 
     </span>
     <span class='ocr_line' id='line_1_18' title="bbox 168 2134 1288 2224; baseline -0.001 -19"><span class='ocrx_word' id='word_1_128' title='bbox 168 2136 298 2212; x_wconf 82' lang='grc' dir='ltr'><strong><em>δοντες.</em></strong></span> <span class='ocrx_word' id='word_1_129' title='bbox 343 2136 456 2221; x_wconf 86' lang='lat' dir='ltr'>Estque</span> <span class='ocrx_word' id='word_1_130' title='bbox 480 2147 656 2201; x_wconf 84' lang='lat' dir='ltr'>consuetum</span> <span class='ocrx_word' id='word_1_131' title='bbox 680 2134 805 2200; x_wconf 85' lang='lat' dir='ltr'>Graecis</span> <span class='ocrx_word' id='word_1_132' title='bbox 827 2138 1014 2201; x_wconf 88' lang='lat' dir='ltr'>substantivo</span> <span class='ocrx_word' id='word_1_133' title='bbox 1037 2139 1200 2223; x_wconf 77' lang='lat' dir='ltr'>adjungere</span> <span class='ocrx_word' id='word_1_134' title='bbox 1222 2141 1288 2224; x_wconf 88' lang='lat' dir='ltr'>epi-</span> 
     </span>
     <span class='ocr_line' id='line_1_19' title="bbox 170 2236 1285 2328; baseline 0.001 -22"><span class='ocrx_word' id='word_1_135' title='bbox 170 2241 277 2306; x_wconf 82' lang='lat' dir='ltr'>theton</span> <span class='ocrx_word' id='word_1_136' title='bbox 300 2240 335 2304; x_wconf 87' lang='lat' dir='ltr'>ab</span> <span class='ocrx_word' id='word_1_137' title='bbox 359 2240 462 2303; x_wconf 89' lang='lat' dir='ltr'>eodem</span> <span class='ocrx_word' id='word_1_138' title='bbox 486 2240 607 2302; x_wconf 91' lang='lat' dir='ltr'>nomine</span> <span class='ocrx_word' id='word_1_139' title='bbox 631 2240 824 2323; x_wconf 87' lang='lat' dir='ltr'>compositum</span> <span class='ocrx_word' id='word_1_140' title='bbox 840 2238 883 2325; x_wconf 75' lang='grc' dir='ltr'>γῆ</span> <span class='ocrx_word' id='word_1_141' title='bbox 906 2236 1092 2328; x_wconf 81' lang='grc' dir='ltr'><strong><em>λεπτόγεος</em></strong></span> <span class='ocrx_word' id='word_1_142' title='bbox 1107 2240 1285 2325; x_wconf 78' lang='grc' dir='ltr'>6οορρ.111.</span> 
     </span>
     <span class='ocr_line' id='line_1_20' title="bbox 169 2332 1284 2431; baseline 0.003 -23"><span class='ocrx_word' id='word_1_143' title='bbox 169 2340 203 2422; x_wconf 89' lang='grc'>1,</span> <span class='ocrx_word' id='word_1_144' title='bbox 229 2342 280 2409; x_wconf 86' lang='grc'>19.</span> <span class='ocrx_word' id='word_1_145' title='bbox 308 2342 351 2430; x_wconf 79' lang='grc' dir='ltr'>νῆ</span> <span class='ocrx_word' id='word_1_146' title='bbox 374 2332 558 2429; x_wconf 75' lang='grc' dir='ltr'><strong><em>βοθόνεως</em></strong></span> <span class='ocrx_word' id='word_1_147' title='bbox 579 2340 709 2404; x_wconf 87' lang='lat' dir='ltr'>Harodo.</span> <span class='ocrx_word' id='word_1_148' title='bbox 737 2340 790 2405; x_wconf 78' lang='grc' dir='ltr'>Ν.</span> <span class='ocrx_word' id='word_1_149' title='bbox 816 2340 870 2407; x_wconf 86' lang='grc'>23.</span> <span class='ocrx_word' id='word_1_150' title='bbox 894 2336 1023 2431; x_wconf 71' lang='grc' dir='ltr'><strong><em>εὔγειος</em></strong></span> <span class='ocrx_word' id='word_1_151' title='bbox 1040 2344 1154 2407; x_wconf 84' lang='grc' dir='ltr'><strong><em>Αοοοδ.</em></strong></span> <span class='ocrx_word' id='word_1_152' title='bbox 1178 2344 1284 2411; x_wconf 81' lang='lat' dir='ltr'>Crem.</span> 
     </span>
     <span class='ocr_line' id='line_1_21' title="bbox 168 2437 1283 2532; baseline 0.004 -22"><span class='ocrx_word' id='word_1_153' title='bbox 168 2445 194 2510; x_wconf 90' lang='grc'>1.</span> <span class='ocrx_word' id='word_1_154' title='bbox 219 2445 295 2524; x_wconf 90' lang='grc'><strong>152,</strong></span> <span class='ocrx_word' id='word_1_155' title='bbox 319 2444 351 2508; x_wconf 88' lang='grc'>7.</span> <span class='ocrx_word' id='word_1_156' title='bbox 376 2441 475 2517; x_wconf 79' lang='grc' dir='ltr'><strong><em>λύκος</em></strong></span> <span class='ocrx_word' id='word_1_157' title='bbox 504 2437 697 2530; x_wconf 79' lang='grc' dir='ltr'><strong><em>μονόλυκος</em></strong></span> <span class='ocrx_word' id='word_1_158' title='bbox 719 2442 806 2508; x_wconf 82' lang='lat' dir='ltr'>Aret.</span> <span class='ocrx_word' id='word_1_159' title='bbox 835 2443 929 2511; x_wconf 82' lang='grc'><strong>1124.</strong></span> <span class='ocrx_word' id='word_1_160' title='bbox 961 2453 1067 2520; x_wconf 79' lang='grc' dir='ltr'><strong><em>ἵππος</em></strong></span> <span class='ocrx_word' id='word_1_161' title='bbox 1093 2437 1283 2532; x_wconf 82' lang='grc' dir='ltr'><strong><em>μόνιππος,</em></strong></span> 
     </span>
     <span class='ocr_line' id='line_1_22' title="bbox 167 2544 1285 2635; baseline 0.001 -21"><span class='ocrx_word' id='word_1_162' title='bbox 167 2544 262 2614; x_wconf 83' lang='grc' dir='ltr'><strong><em>νόον</em></strong></span> <span class='ocrx_word' id='word_1_163' title='bbox 288 2550 428 2620; x_wconf 79' lang='grc' dir='ltr'><strong><em>ἔκκυνος</em></strong></span> <span class='ocrx_word' id='word_1_164' title='bbox 448 2546 563 2630; x_wconf 86' lang='lat' dir='ltr'>aliaque</span> <span class='ocrx_word' id='word_1_165' title='bbox 586 2546 618 2609; x_wconf 90' lang='lat' dir='ltr'>in</span> <span class='ocrx_word' id='word_1_166' title='bbox 640 2545 770 2610; x_wconf 87' lang='lat' dir='ltr'>Dissert.</span> <span class='ocrx_word' id='word_1_167' title='bbox 796 2547 832 2610; x_wconf 92' lang='lat' dir='ltr'>de</span> <span class='ocrx_word' id='word_1_168' title='bbox 853 2547 920 2633; x_wconf 83' lang='lat' dir='ltr'>Fig.</span> <span class='ocrx_word' id='word_1_169' title='bbox 933 2549 1040 2635; x_wconf 86' lang='lat' dir='ltr'>Etym.</span> <span class='ocrx_word' id='word_1_170' title='bbox 1056 2549 1192 2616; x_wconf 86' lang='lat' dir='ltr'>collecta.</span> <span class='ocrx_word' id='word_1_171' title='bbox 1222 2551 1285 2616; x_wconf 87' lang='lat' dir='ltr'>Ho-</span> 
     </span>
     <span class='ocr_line' id='line_1_23' title="bbox 168 2649 1283 2738; baseline 0.002 -22"><span class='ocrx_word' id='word_1_172' title='bbox 168 2673 236 2717; x_wconf 89' lang='lat' dir='ltr'>rum</span> <span class='ocrx_word' id='word_1_173' title='bbox 258 2662 358 2716; x_wconf 89' lang='lat' dir='ltr'>autem</span> <span class='ocrx_word' id='word_1_174' title='bbox 381 2649 526 2714; x_wconf 86' lang='lat' dir='ltr'>nonnulla</span> <span class='ocrx_word' id='word_1_175' title='bbox 549 2669 620 2712; x_wconf 90' lang='lat' dir='ltr'>usus</span> <span class='ocrx_word' id='word_1_176' title='bbox 643 2649 793 2733; x_wconf 84' lang='lat' dir='ltr'>popularis</span> <span class='ocrx_word' id='word_1_177' title='bbox 816 2672 890 2714; x_wconf 89' lang='lat' dir='ltr'>aura</span> <span class='ocrx_word' id='word_1_178' title='bbox 912 2672 948 2714; x_wconf 92' lang='lat' dir='ltr'>eo</span> <span class='ocrx_word' id='word_1_179' title='bbox 971 2653 1089 2731; x_wconf 84' lang='lat' dir='ltr'>avexit,</span> <span class='ocrx_word' id='word_1_180' title='bbox 1111 2663 1146 2715; x_wconf 85' lang='lat' dir='ltr'>ut</span> <span class='ocrx_word' id='word_1_181' title='bbox 1166 2664 1283 2738; x_wconf 83' lang='lat' dir='ltr'>spreto,</span> 
     </span>
     <span class='ocr_line' id='line_1_24' title="bbox 170 2753 1287 2843; baseline 0.001 -25"><span class='ocrx_word' id='word_1_182' title='bbox 170 2773 228 2840; x_wconf 90' lang='lat' dir='ltr'>quo</span> <span class='ocrx_word' id='word_1_183' title='bbox 251 2753 322 2819; x_wconf 87' lang='lat' dir='ltr'>olim</span> <span class='ocrx_word' id='word_1_184' title='bbox 345 2753 530 2828; x_wconf 89' lang='lat' dir='ltr'>nitebantur,</span> <span class='ocrx_word' id='word_1_185' title='bbox 559 2753 771 2816; x_wconf 86' lang='lat' dir='ltr'>sustentaculo·</span> <span class='ocrx_word' id='word_1_186' title='bbox 794 2753 858 2838; x_wconf 87' lang='lat' dir='ltr'>ipsa</span> <span class='ocrx_word' id='word_1_187' title='bbox 880 2774 934 2836; x_wconf 82' lang='lat' dir='ltr'>per</span> <span class='ocrx_word' id='word_1_188' title='bbox 955 2775 988 2818; x_wconf 92' lang='lat' dir='ltr'>sa</span> <span class='ocrx_word' id='word_1_189' title='bbox 1011 2754 1233 2832; x_wconf 86' lang='lat' dir='ltr'>consisterent,</span> <span class='ocrx_word' id='word_1_190' title='bbox 1260 2753 1287 2843; x_wconf 80' lang='grc' dir='ltr'><em>ἦ</em></span> 
     </span>
     <span class='ocr_line' id='line_1_25' title="bbox 167 2849 1282 2946; baseline 0.001 -24"><span class='ocrx_word' id='word_1_191' title='bbox 167 2853 356 2946; x_wconf 78' lang='grc' dir='ltr'><strong><em>μεσόγεως,</em></strong></span> <span class='ocrx_word' id='word_1_192' title='bbox 379 2854 641 2945; x_wconf 79' lang='grc' dir='ltr'><strong><em>ἦπονοέληνος,</em></strong></span> <span class='ocrx_word' id='word_1_193' title='bbox 665 2852 684 2921; x_wconf 88' lang='grc' dir='ltr'><strong><em>ό</em></strong></span> <span class='ocrx_word' id='word_1_194' title='bbox 700 2849 879 2943; x_wconf 80' lang='grc' dir='ltr'><strong><em>μόνιππος</em></strong></span> <span class='ocrx_word' id='word_1_195' title='bbox 896 2860 942 2936; x_wconf 91' lang='lat' dir='ltr'>(at</span> <span class='ocrx_word' id='word_1_196' title='bbox 962 2851 1152 2943; x_wconf 82' lang='grc' dir='ltr'><strong><em>υρόοιππος</em></strong></span> <span class='ocrx_word' id='word_1_197' title='bbox 1165 2857 1282 2923; x_wconf 85' lang='lat' dir='ltr'>Anacd.</span> 
     </span>
     <span class='ocr_line' id='line_1_26' title="bbox 167 2951 1281 3047; baseline 0 -21"><span class='ocrx_word' id='word_1_198' title='bbox 167 2955 264 3026; x_wconf 74' lang='lat' dir='ltr'>bein.</span> <span class='ocrx_word' id='word_1_199' title='bbox 290 2959 372 3047; x_wconf 85' lang='lat' dir='ltr'>lud.)</span> <span class='ocrx_word' id='word_1_200' title='bbox 393 2957 416 3047; x_wconf 82' lang='grc' dir='ltr'><em>ἤ</em></span> <span class='ocrx_word' id='word_1_201' title='bbox 434 2951 638 3046; x_wconf 79' lang='grc' dir='ltr'><strong><em>παρόθυρος</em></strong></span> <span class='ocrx_word' id='word_1_202' title='bbox 658 2981 691 3023; x_wconf 89' lang='lat' dir='ltr'>v.</span> <span class='ocrx_word' id='word_1_203' title='bbox 715 2958 933 3045; x_wconf 88' lang='lat' dir='ltr'>Wyttanbaob.</span> <span class='ocrx_word' id='word_1_204' title='bbox 957 2961 994 3022; x_wconf 87' lang='lat' dir='ltr'>ad</span> <span class='ocrx_word' id='word_1_205' title='bbox 1016 2959 1131 3045; x_wconf 86' lang='lat' dir='ltr'>Euuap.</span> <span class='ocrx_word' id='word_1_206' title='bbox 1156 2982 1186 3044; x_wconf 82' lang='lat' dir='ltr'>p.</span> <span class='ocrx_word' id='word_1_207' title='bbox 1206 2960 1281 3026; x_wconf 88' lang='grc'><strong>195.</strong></span> 
     </span>
     <span class='ocr_line' id='line_1_27' title="bbox 156 3057 1284 3152; baseline 0 -23"><span class='ocrx_word' id='word_1_208' title='bbox 156 3064 214 3129; x_wconf 80' lang='lat' dir='ltr'>&#39;Ad</span> <span class='ocrx_word' id='word_1_209' title='bbox 238 3063 294 3129; x_wconf 92' lang='lat' dir='ltr'>hoa</span> <span class='ocrx_word' id='word_1_210' title='bbox 315 3064 410 3150; x_wconf 87' lang='lat' dir='ltr'>igitur</span> <span class='ocrx_word' id='word_1_211' title='bbox 434 3059 604 3147; x_wconf 87' lang='lat' dir='ltr'>exemplum</span> <span class='ocrx_word' id='word_1_212' title='bbox 634 3061 814 3147; x_wconf 87' lang='lat' dir='ltr'>adjectivum</span> <span class='ocrx_word' id='word_1_213' title='bbox 844 3057 1042 3152; x_wconf 78' lang='grc' dir='ltr'><strong><em>χουλιόδους</em></strong></span> <span class='ocrx_word' id='word_1_214' title='bbox 1063 3063 1202 3147; x_wconf 85' lang='lat' dir='ltr'>usurpari</span> <span class='ocrx_word' id='word_1_215' title='bbox 1229 3085 1284 3148; x_wconf 85' lang='lat' dir='ltr'>po·</span> 
     </span>
     <span class='ocr_line' id='line_1_28' title="bbox 169 3164 1284 3251; baseline 0.001 -22"><span class='ocrx_word' id='word_1_216' title='bbox 169 3166 229 3231; x_wconf 88' lang='lat' dir='ltr'>tait</span> <span class='ocrx_word' id='word_1_217' title='bbox 249 3188 302 3251; x_wconf 85' lang='lat' dir='ltr'>pro</span> <span class='ocrx_word' id='word_1_218' title='bbox 324 3165 525 3231; x_wconf 89' lang='lat' dir='ltr'>substantivo.</span> <span class='ocrx_word' id='word_1_219' title='bbox 572 3164 630 3228; x_wconf 89' lang='lat' dir='ltr'>Sed</span> <span class='ocrx_word' id='word_1_220' title='bbox 652 3164 724 3227; x_wconf 92' lang='lat' dir='ltr'>binc</span> <span class='ocrx_word' id='word_1_221' title='bbox 746 3185 808 3227; x_wconf 93' lang='lat' dir='ltr'>non</span> <span class='ocrx_word' id='word_1_222' title='bbox 822 3165 952 3249; x_wconf 80' lang='lat' dir='ltr'>cogitur,</span> <span class='ocrx_word' id='word_1_223' title='bbox 977 3165 1196 3228; x_wconf 87' lang='lat' dir='ltr'>substantivum</span> <span class='ocrx_word' id='word_1_224' title='bbox 1213 3187 1284 3230; x_wconf 88' lang='lat' dir='ltr'>asse</span> 
     </span>
     <span class='ocr_line' id='line_1_29' title="bbox 168 3267 1283 3354; baseline -0.001 -21"><span class='ocrx_word' id='word_1_225' title='bbox 168 3290 231 3333; x_wconf 94' lang='lat' dir='ltr'>non</span> <span class='ocrx_word' id='word_1_226' title='bbox 258 3290 364 3354; x_wconf 83' lang='lat' dir='ltr'>possa3</span> <span class='ocrx_word' id='word_1_227' title='bbox 404 3270 481 3353; x_wconf 91' lang='lat' dir='ltr'>quod</span> <span class='ocrx_word' id='word_1_228' title='bbox 510 3277 544 3332; x_wconf 90' lang='lat' dir='ltr'>ut</span> <span class='ocrx_word' id='word_1_229' title='bbox 573 3287 810 3351; x_wconf 84' lang='lat' dir='ltr'>corrseqnemur,</span> <span class='ocrx_word' id='word_1_230' title='bbox 845 3267 1042 3331; x_wconf 85' lang='lat' dir='ltr'>redordiende</span> <span class='ocrx_word' id='word_1_231' title='bbox 1064 3277 1112 3330; x_wconf 90' lang='lat' dir='ltr'>ast</span> <span class='ocrx_word' id='word_1_232' title='bbox 1132 3268 1283 3352; x_wconf 87' lang='lat' dir='ltr'>quaestio,</span> 
     </span>
     <span class='ocr_line' id='line_1_30' title="bbox 169 3353 1284 3459; baseline 0.001 -25"><span class='ocrx_word' id='word_1_233' title='bbox 169 3391 257 3456; x_wconf 87' lang='lat' dir='ltr'>quam</span> <span class='ocrx_word' id='word_1_234' title='bbox 286 3372 322 3435; x_wconf 89' lang='lat' dir='ltr'>ad</span> <span class='ocrx_word' id='word_1_235' title='bbox 351 3372 467 3457; x_wconf 89' lang='lat' dir='ltr'>Pbryu.</span> <span class='ocrx_word' id='word_1_236' title='bbox 506 3394 536 3459; x_wconf 89' lang='lat' dir='ltr'>p.</span> <span class='ocrx_word' id='word_1_237' title='bbox 569 3369 644 3436; x_wconf 83' lang='lat'><strong>600.</strong></span> <span class='ocrx_word' id='word_1_238' title='bbox 684 3368 878 3434; x_wconf 87' lang='lat' dir='ltr'>tractavimus</span> <span class='ocrx_word' id='word_1_239' title='bbox 907 3353 1028 3433; x_wconf 74' lang='lat' dir='ltr'>baebius</span> <span class='ocrx_word' id='word_1_240' title='bbox 1055 3371 1284 3455; x_wconf 82' lang='lat' dir='ltr'>augustiusque,</span> 
     </span>
     <span class='ocr_line' id='line_1_31' title="bbox 170 3460 1288 3560; baseline -0.001 -22"><span class='ocrx_word' id='word_1_241' title='bbox 170 3495 258 3559; x_wconf 88' lang='lat' dir='ltr'>quam</span> <span class='ocrx_word' id='word_1_242' title='bbox 283 3460 365 3558; x_wconf 85' lang='lat' dir='ltr'>¹quod</span> <span class='ocrx_word' id='word_1_243' title='bbox 396 3476 432 3539; x_wconf 87' lang='lat' dir='ltr'>ad</span> <span class='ocrx_word' id='word_1_244' title='bbox 454 3485 643 3560; x_wconf 85' lang='lat' dir='ltr'>praesentem</span> <span class='ocrx_word' id='word_1_245' title='bbox 673 3492 791 3536; x_wconf 84' lang='lat' dir='ltr'>causam</span> <span class='ocrx_word' id='word_1_246' title='bbox 821 3471 895 3535; x_wconf 88' lang='lat' dir='ltr'>satis</span> <span class='ocrx_word' id='word_1_247' title='bbox 927 3473 978 3537; x_wconf 90' lang='lat' dir='ltr'>sit.</span> <span class='ocrx_word' id='word_1_248' title='bbox 1024 3471 1288 3537; x_wconf 82' lang='lat' dir='ltr'>Examinabnntur</span> 
     </span>
     <span class='ocr_line' id='line_1_32' title="bbox 169 3573 1284 3690; baseline -0.002 -49"><span class='ocrx_word' id='word_1_249' title='bbox 169 3598 243 3661; x_wconf 84' lang='lat' dir='ltr'>ergo</span> <span class='ocrx_word' id='word_1_250' title='bbox 265 3576 657 3690; x_wconf 61' lang='lat' dir='ltr'>substantiva&#39;uonsolum</span> <span class='ocrx_word' id='word_1_251' title='bbox 687 3595 763 3658; x_wconf 87' lang='lat' dir='ltr'>quae</span> <span class='ocrx_word' id='word_1_252' title='bbox 792 3573 829 3636; x_wconf 85' lang='lat' dir='ltr'>ab</span> <span class='ocrx_word' id='word_1_253' title='bbox 857 3575 1005 3660; x_wconf 88' lang='lat' dir='ltr'>adjectivo</span> <span class='ocrx_word' id='word_1_254' title='bbox 1029 3585 1061 3639; x_wconf 88' lang='lat' dir='ltr'>at</span> <span class='ocrx_word' id='word_1_255' title='bbox 1082 3573 1284 3653; x_wconf 85' lang='lat' dir='ltr'>substantivo,</span> 
     </span>
     <span class='ocr_line' id='line_1_33' title="bbox 106 3675 1114 3764; baseline -0.005 -19"><span class='ocrx_word' id='word_1_256' title='bbox 106 3675 113 3698; x_wconf 78' lang='lat'><strong><em>¹</em></strong></span> <span class='ocrx_word' id='word_1_257' title='bbox 168 3681 222 3745; x_wconf 87' lang='lat' dir='ltr'>sad</span> <span class='ocrx_word' id='word_1_258' title='bbox 243 3680 334 3744; x_wconf 86' lang='lat' dir='ltr'>etiam</span> <span class='ocrx_word' id='word_1_259' title='bbox 357 3699 432 3764; x_wconf 90' lang='lat' dir='ltr'>quaa</span> <span class='ocrx_word' id='word_1_260' title='bbox 453 3700 473 3743; x_wconf 87' lang='lat' dir='ltr'>a</span> <span class='ocrx_word' id='word_1_261' title='bbox 494 3680 607 3743; x_wconf 87' lang='lat' dir='ltr'>duobus</span> <span class='ocrx_word' id='word_1_262' title='bbox 631 3676 794 3762; x_wconf 84' lang='lat' dir='ltr'>composita</span> <span class='ocrx_word' id='word_1_263' title='bbox 815 3686 887 3740; x_wconf 90' lang='lat' dir='ltr'>sunt</span> <span class='ocrx_word' id='word_1_264' title='bbox 907 3677 1114 3742; x_wconf 85' lang='lat' dir='ltr'>substantivis.</span> 
     </span>
    </p>
   </div>
   <div class='ocr_carea' id='block_1_8' title="bbox 253 3809 1290 4018">
    <p class='ocr_par' dir='ltr' id='par_1_8' title="bbox 253 3809 1290 4018">
     <span class='ocr_line' id='line_1_34' title="bbox 705 3809 771 3875; baseline 0.015 -1"><span class='ocrx_word' id='word_1_265' title='bbox 705 3859 712 3874; x_wconf 91' lang='lat'>.</span> <span class='ocrx_word' id='word_1_266' title='bbox 738 3809 771 3875; x_wconf 90' lang='lat'>8.</span> 
     </span>
     <span class='ocr_line' id='line_1_35' title="bbox 253 3811 1290 4018; baseline -0.004 -17"><span class='ocrx_word' id='word_1_267' title='bbox 253 3935 366 4001; x_wconf 88' lang='lat' dir='ltr'>Horum</span> <span class='ocrx_word' id='word_1_268' title='bbox 394 3932 453 3997; x_wconf 94' lang='lat' dir='ltr'>duo</span> <span class='ocrx_word' id='word_1_269' title='bbox 479 3932 660 3998; x_wconf 89' lang='lat' dir='ltr'>constituam</span> <span class='ocrx_word' id='word_1_270' title='bbox 681 3811 804 4017; x_wconf 60' lang='lat' dir='ltr'>{auara</span> <span class='ocrx_word' id='word_1_271' title='bbox 831 3953 867 3997; x_wconf 86' lang='lat' dir='ltr'>ao</span> <span class='ocrx_word' id='word_1_272' title='bbox 894 3931 1022 4018; x_wconf 82' lang='lat' dir='ltr'>primum</span> <span class='ocrx_word' id='word_1_273' title='bbox 1051 3946 1174 4007; x_wconf 88' lang='lat' dir='ltr'>aarum,</span> <span class='ocrx_word' id='word_1_274' title='bbox 1208 3952 1290 4015; x_wconf 87' lang='lat' dir='ltr'>quae</span> 
     </span>
    </p>
   </div>
   <div class='ocr_carea' id='block_1_9' title="bbox 115 4039 384 4076">
    <p class='ocr_par' dir='ltr' id='par_1_9' title="bbox 115 4039 384 4076">
     <span class='ocr_line' id='line_1_36' title="bbox 115 4039 384 4076; baseline 0 -20"><span class='ocrx_word' id='word_1_275' title='bbox 115 4039 122 4056; x_wconf 91' lang='grc' dir='ltr'><strong><em>Ι</em></strong></span> <span class='ocrx_word' id='word_1_276' title='bbox 174 4056 384 4076; x_wconf 54' lang='lat' dir='ltr'>m..-</span> 
     </span>
    </p>
   </div>
   <div class='ocr_carea' id='block_1_10' title="bbox 167 4099 1287 4249">
    <p class='ocr_par' dir='ltr' id='par_1_10' title="bbox 167 4099 1287 4249">
     <span class='ocr_line' id='line_1_37' title="bbox 238 4099 1287 4175; baseline -0.006 -11"><span class='ocrx_word' id='word_1_277' title='bbox 238 4109 285 4175; x_wconf 80' lang='grc'>83)</span> <span class='ocrx_word' id='word_1_278' title='bbox 302 4107 386 4160; x_wconf 79' lang='lat' dir='ltr'>Arist.</span> <span class='ocrx_word' id='word_1_279' title='bbox 407 4104 440 4157; x_wconf 87' lang='lat' dir='ltr'>H.</span> <span class='ocrx_word' id='word_1_280' title='bbox 455 4104 488 4157; x_wconf 86' lang='grc' dir='ltr'>Α.</span> <span class='ocrx_word' id='word_1_281' title='bbox 510 4101 555 4156; x_wconf 88' lang='lat' dir='ltr'>IV.</span> <span class='ocrx_word' id='word_1_282' title='bbox 578 4103 620 4165; x_wconf 89' lang='grc'>11,</span> <span class='ocrx_word' id='word_1_283' title='bbox 639 4101 664 4156; x_wconf 77' lang='grc'>7,</span> <span class='ocrx_word' id='word_1_284' title='bbox 684 4099 796 4160; x_wconf 69' lang='lat' dir='ltr'>stane</span> <span class='ocrx_word' id='word_1_285' title='bbox 810 4109 860 4160; x_wconf 71' lang='lat' dir='ltr'>aab</span> <span class='ocrx_word' id='word_1_286' title='bbox 878 4099 1074 4174; x_wconf 65' lang='grc' dir='ltr'>χαυλιόδοντες.</span> <span class='ocrx_word' id='word_1_287' title='bbox 1108 4104 1147 4157; x_wconf 81' lang='lat' dir='ltr'>Aa</span> <span class='ocrx_word' id='word_1_288' title='bbox 1172 4105 1287 4158; x_wconf 73' lang='lat' dir='ltr'>broodm</span> 
     </span>
     <span class='ocr_line' id='line_1_38' title="bbox 167 4190 770 4249; baseline -0.013 0"><span class='ocrx_word' id='word_1_289' title='bbox 167 4197 241 4249; x_wconf 85' lang='lat' dir='ltr'>modo</span> <span class='ocrx_word' id='word_1_290' title='bbox 255 4197 318 4248; x_wconf 85' lang='lat' dir='ltr'>daus</span> <span class='ocrx_word' id='word_1_291' title='bbox 336 4191 434 4244; x_wconf 90' lang='lat' dir='ltr'>dicitur</span> <span class='ocrx_word' id='word_1_292' title='bbox 450 4190 579 4246; x_wconf 83' lang='lat' dir='ltr'>eminutus</span> <span class='ocrx_word' id='word_1_293' title='bbox 596 4190 670 4243; x_wconf 87' lang='lat' dir='ltr'>modo</span> <span class='ocrx_word' id='word_1_294' title='bbox 687 4191 770 4244; x_wconf 87' lang='lat' dir='ltr'>bomo.</span> 
     </span>
    </p>
   </div>
   <div class='ocr_carea' id='block_1_11' title="bbox 0 0 1400 4725">
    <p class='ocr_par' dir='ltr' id='par_1_11' title="bbox 0 0 1400 4725">
     <span class='ocr_line' id='line_1_39' title="bbox 0 0 1400 4725; baseline 0 1"><span class='ocrx_word' id='word_1_295' title='bbox 0 0 1400 4725; x_wconf 95' lang='lat' dir='ltr'> </span> 
     </span>
    </p>
   </div>
  </div>
 </body>
</html>
