2792 4725
188 313 260 394 rto
549 305 863 383 btssunturto
884 307 949 382 111.

190 491 428 559 commodissime
456 487 810 584 refertur-oipult'pmpo
835 489 1004 582 τύμπανα
1025 491 1119 560 tom.
1142 493 1207 562 Pul.
1230 493 1304 562 VII.

189 617 223 660 ιι.
246 595 300 661 94.
334 596 403 658 num
431 594 509 680 qood
531 593 692 678 Sophocles
724 596 844 662 admisit
872 599 904 662 in
936 597 1002 682 puri
1029 617 1101 662 casn
1123 597 1197 664 Aut.
1222 599 1303 668 172.

50 689 75 749 '.
187 691 358 789 αὐτόχειρι
377 691 442 764 udo
465 688 651 784 μιάσματι,
674 697 774 762 minus
796 699 868 763 linet
889 699 922 764 in
946 699 1138 784 imparibus*
1164 700 1205 766 Et
1225 723 1307 786 quoe

189 823 209 867 u
236 799 505 886 praepositionibus
536 800 698 864 ordiuntur
722 791 918 890 πρόχειρος,
953 797 1160 891 περι’χιιρος,,
1196 805 1306 888 quibus

189 904 359 988 suspectius
380 914 427 967 est
448 898 647 991 πρόςχερος,
677 923 734 968 neo
756 913 945 968 sustentetur
966 905 1105 990 exemplo
1127 904 1214 969 lutiui
1235 927 1305 970 nto·

190 1005 368 1070 oroodecus.
409 998 558 1094 Ἐπίχειρ
587 1005 683 1070 semel
704 1006 817 1089 legitur
847 1027 904 1070 neo
934 1005 1001 1070 sine
1029 1007 1200 1091 suspicione
1222 1006 1303 1070 Poll.

189 1109 228 1171 II.
242 1105 315 1171 148.
336 1128 393 1191 quo
410 1127 471 1170 uon
490 1107 540 1190 qui
562 1092 669 1170 munus
690 1110 831 1172 admovet
844 1107 1008 1192 significari
1021 1108 1154 1188 videtur,
1176 1110 1229 1173 sed
1250 1109 1305 1193 qui

191 1213 227 1276 od
249 1231 356 1274 nunnus
385 1219 433 1272 est
460 1219 496 1272 ut
521 1203 682 1298 ὑπόχειρ,
713 1211 790 1294 quod
818 1209 1008 1275 Hermounus
1036 1210 1176 1296 Sophocli
1196 1212 1306 1275 tribuit

190 1312 240 1378 El.
265 1311 361 1378 1992.
389 1311 488 1396 Vulgo
513 1322 614 1376 cutem
636 1313 784 1398 adjectivo
807 1331 875 1376 curu
901 1303 1173 1397 praepositionibus
1195 1333 1305 1378 conso·

192 1401 271 1480 niolo
301 1413 437 1478 retinent
465 1415 591 1478 formam
621 1412 783 1498 simpliciss
820 1411 1044 1505 ααταχείριος,
1079 1414 1304 1506 μεταχείριος,

165 1534 168 1540 ’
192 1519 298 1603 quibus
326 1538 359 1580 se
383 1517 570 1580 intermiscet
594 1511 802 1606 αὐτοχείριος
820 1516 967 1602 (occisor)
995 1516 1095 1582 Sobol.
1120 1519 1195 1583 Eur.
1219 1521 1301 1583 Med.

193 1619 287 1686 1269.
317 1629 352 1684 ut
376 1615 622 1709 αὐτοχθόνιος,
657 1621 735 1704 quod
763 1640 853 1704 supro
882 1619 980 1703 attigi.
1004 1646 1047 1668 -··
1076 1619 1125 1684 Idx
1146 1622 1303 1708 bisyllobis

191 1723 251 1787 buc
271 1721 462 1786 referendum
478 1722 679 1810 χρυσοέθαρ
704 1716 784 1808 παρ’
804 1712 979 1812 Ἀρχιλόχῳ
1000 1721 1067 1807 (Fr.
1083 1721 1197 1787 uxxl.
1209 1723 1303 1806 184.)

192 1825 418 1914 συγκέκοπται
432 1827 467 1889 ἐκ
485 1825 548 1890 τοῦ
567 1824 807 1914 χρααοέθειρος
823 1823 926 1908 Stepb.
950 1845 976 1888 s.
995 1824 1126 1915 Βέχιιρ,
1149 1845 1204 1890 uos
1227 1847 1304 1892 vero

191 1939 293 2012 spreto
308 1947 457 2012 syncopae
473 1927 620 1992 auxilios
637 1928 824 1992 nominativo
839 1929 934 2012 ἔθειρ
949 1929 1143 2012 compositum
1163 1929 1303 2006 dicimus,

146 2062 149 2070 ·
192 2032 278 2115 cnjus
307 2029 431 2094 idoneos
460 2028 602 2093 babemus
629 2039 744 2108 testes3
772 2029 960 2113 indidemque
988 2030 1142 2096 duxeruut
1169 2031 1300 2115 obliquis

58 2154 61 2159 ·
191 2132 384 2218 ὀξιιέθειρος
410 2125 568 2218 sisoium
592 2130 695 2195 Noun.
718 2132 793 2196 XX.
816 2129 871 2197 25.
895 2131 1119 2220 χρασοέθειρα
1139 2132 1244 2202 Θέτιν
1269 2134 1303 2198 in

192 2236 310 2299 cuntico
334 2233 452 2298 Heliod.
477 2233 528 2297 III.
551 2233 587 2299 2.
617 2252 651 2298 v.
681 2233 788 2298 Corsis
810 2255 839 2318 p.
863 2231 939 2297 378.
972 2229 1168 2321 ὀξυὲθειρας
1192 2230 1304 2304 αἰτία·

67 2391 70 2397 .
192 2345 263 2411 θας
283 2322 386 2401 Noun.
409 2335 494 2403 XIV.
519 2333 595 2401 868.
625 2356 701 2421 quoe
729 2329 949 2422 suntgeneris
979 2339 1157 2419 communis,
1182 2349 1214 2403 et
1234 2359 1302 2425 pro·

191 2440 259 2524 pria
287 2437 425 2502 feminini
452 2438 625 2531 terminatio
652 2439 849 2525 λασιέθειρα
876 2434 980 2527 κούρη
999 2440 1088 2503 XIX.
1112 2440 1187 2507 329.
1210 2440 1299 2505 XXI.

50 2632 52 2637 Ι
192 2540 248 2605 77.
270 2539 418 2603 XXXIV.
442 2539 517 2605 166.
541 2539 637 2605 XLV.
660 2540 715 2606 18.
740 2538 917 2629 ὀξαέθιιρα
939 2540 1036 2629 καρίς
1055 2542 1164 2609 tomo.
1188 2544 1299 2629 Ecpbr.

192 2664 227 2706 v.
250 2640 326 2707 454.
359 2638 383 2728 ἦ
413 2643 629 2731 ααλλιέθειρα
656 2642 758 2708 Noun.
790 2644 932 2729 Pamphr.
956 2643 1013 2708 XI.
1037 2644 1071 2709 4.
1097 2640 1300 2732 ηἰῦἐθειρα

192 2746 306 2810 Anser.
331 2744 584 2829 Frogm.·XI.IV.
608 2743 856 2837 ἠταααέθειρα
877 2747 961 2813 Piud.
991 2746 1164 2811 011146.
1186 2745 1302 2839 η’χριι·

191 2849 354 2934 oos'despo
382 2848 508 2912 Maxim.
538 2870 571 2914 v.
594 2847 649 2913 96.
681 2870 758 2934 quoe
787 2851 991 2914 umesculiuo
1019 2850 1219 2941 χρααοέθιιρ
1238 2863 1298 2916 eto.

193 2963 230 3015 ut
250 2951 338 3014 modo
360 2950 437 3027 dixi,
459 2951 592 3018 derivari
611 2963 750 3037 possunt,
772 2963 807 3018 ut
828 2974 847 3017 o
867 2944 983 3040 μαίιαρ
996 2945 1161 3039 μάκαιρα,
1182 2946 1301 3043 udop'p
1335 2970 1339 2979 “

193 3048 330 3139 ddeepo,
352 3073 371 3117 a
392 3045 503 3141 σωτήρ
532 3051 686 3140 σῶτὸιρα.
733 3054 866 3136 Quorum
896 3056 923 3120 si
952 3056 1028 3119 nulli
1049 3054 1246 3119 masculinum
1267 3056 1299 3120 iu

189 3141 253 3243 ἐἰρ
268 3164 486 3239 praestructum
509 3165 608 3243 τιν),
633 3158 664 3221 id
685 3178 802 3222 summo
823 3142 912 3244 hujus
933 3157 1154 3228 terminationis
1176 3157 1301 3224 ruritute

194 3269 373 3322 excusatum
410 3258 543 3323 videtur.
602 3260 686 3325 Iluro
717 3271 818 3326 cutem
846 3260 927 3329 viem
957 3260 1192 3325 detrectantibus
1220 3272 1301 3346 putet

194 3359 265 3436 olio,
288 3371 323 3431 ut
346 3359 476 3444 speciem
499 3361 642 3447 simplicis
669 3363 800 3427 nominis
822 3366 942 3449 ἔθειρα
964 3362 996 3425 in
1018 3346 1232 3446 compositione
1253 3384 1301 3428 re·

193 3472 309 3525 tentum
339 3463 490 3539 dicemus,
525 3466 770 3553 quemadmodum
807 3461 1021 3545 ααανόπιζα,
1049 3456 1299 3551 πηξιθιῖλαττα,

195 3563 300 3648 bisque
325 3564 436 3629 similis
457 3584 475 3629 c
497 3566 678 3651 simplicibus
705 3569 867 3655 compositu
888 3588 957 3633 esse
979 3567 1164 3632 ostendimus
1189 3569 1220 3633 in
1234 3570 1301 3634 bis·

195 3676 272 3732 sert.
295 3667 332 3731 de
350 3666 489 3745 Feminn.
516 3670 589 3733 blot.
614 3665 762 3758 Ἱλαίιρα
784 3670 875 3750 lunae
897 3669 1062 3755 epitheton,
1086 3671 1163 3753 quod
1182 3671 1301 3736 Plutar-

195 3768 269 3832 cbus
295 3769 333 3831 ab
363 3766 492 3853 ἱλαρός,
521 3770 660 3836 Sturzius
688 3773 726 3835 ud
754 3774 878 3858 Idmped.
908 3790 938 3857 p.
962 3768 1037 3836 699.
1066 3773 1103 3835 ab
1133 3768 1230 3861 ἱλαήρ
1251 3774 1301 3839 vel

194 3868 300 3958 ttdop
327 3872 474 3949 arcessit,
496 3872 570 3937 mibi
597 3875 634 3937 ab
663 3877 713 3961 sip
741 3872 931 3963 λαμπηδῶα
951 3875 1147 3960 compositum
1167 3875 1298 3954 videtur,
1329 3878 1331 3880 ’

229 4112 233 4121 ’
262 4120 293 4187 l)
309 4121 418 4174 boeotos
434 4118 540 4193 μήτηρ,
555 4120 665 4193 τᾰτιιρ,
682 4124 769 4178 dicere
787 4126 1195 4193 testatur'l'beognostusAneod.
1215 4128 1298 4181 Crem.

194 4206 228 4268 Τ.
245 4208 279 4261 11.
299 4209 342 4261 11.
813 4227 815 4231 ’
