2792 4725
298 285 357 349 nn
386 275 588 351 deunce.
619 282 822 376 sunnon.
854 286 883 370 s.
906 284 946 351 a·
1133 290 1177 385 ιι

90 466 151 533 155.
173 464 255 530 Diod.
268 462 379 529 XVIII.
396 462 450 530 23.
474 464 623 529 Theodor.
638 462 728 549 Ilyrt.
745 484 775 547 p.
789 464 845 531 23.
861 465 894 530 iu
908 466 1023 531 Aneod.
1036 466 1176 535 Boissou.

89 572 116 635 Τ.
137 569 183 633 111.
203 566 394 655 ’μέμεμμαι
419 588 495 631 vero
519 587 665 649 nusquam
690 567 790 650 reperi
812 590 910 652 neque
932 562 1122 655 όμωμομαι
1140 570 1178 635 ad

87 670 291 737 simibtudinem
321 668 430 733 tertiae·
459 689 605 752 personae
633 660 815 757 dpeoipeoeot
835 672 875 755 8γ.
928 671 1179 753 Quemadmodum

86 775 164 841 verba
184 774 214 837 in
230 758 308 839 ἂνω
327 771 472 835 exeuntia
473 771 526 871 jn
544 771 661 858 syllaba
680 773 859 858 paragogioa
878 785 910 837 et
928 774 1084 860 principali
1106 796 1178 839 ean·

85 878 140 941 dem
159 876 270 940 iterant
290 894 452 939 consonam
473 897 510 956 ν,
533 875 618 939 velut
639 886 704 951 est,
728 868 924 961 μανθάνω,
947 869 1103 959 dadsisas,
1125 876 1178 942 vel

83 978 258 1043 assimilatam
278 978 444 1062 proximae,
463 968 1025 1067 λωμβιίνω,ἰ1ωγκα’νω,φνγγᾶνω,
1048 980 1090 1045 ita
1107 1000 1178 1043 ver·

83 1082 120 1144 bi‘s
144 1081 174 1143 in
200 1067 282 1167 ἦγῖἶ,
318 1100 443 1165 quorum
471 1078 596 1143 initialis
623 1091 671 1143 est
696 1068 742 1161 ἶν’,
777 1082 924 1147 inseritur
951 1065 1178 1168 systoeobapr]

81 1180 246 1270 ωίμπλημι
275 1178 307 1247 'et
335 1180 516 1269 πίμπρημι
535 1183 584 1265 ⁹),
624 1183 676 1247 sed
706 1182 775 1267 quia
806 1194 929 1268 propter
959 1184 1177 1269 longitudinem

80 1287 179 1351 mediae
202 1286 336 1373 syllabae
358 1285 456 1349 minus
478 1294 526 1348 est
547 1284 720 1349 necessaria
741 1305 828 1369 quam
849 1286 929 1363 illis,
959 1306 1066 1351 rursus
1089 1285 1177 1351 omit·

81 1388 160 1465 titur,
188 1390 215 1453 si
236 1410 305 1453 oum
327 1388 547 1472 praepositione
569 1391 606 1453 ἐν
629 1399 867 1472 componuntur,
896 1388 1062 1474 euphoniae
1085 1408 1177 1453 eausa

80 1502 108 1569 ut
127 1490 333 1575 Mesobopulus
362 1490 405 1554 ait
429 1488 536 1552 Sebed.
566 1512 597 1574 p.
623 1488 696 1554 158.
741 1490 874 1576 Ejusque
902 1490 1175 1575 praetermissionis

80 1605 104 1657 et
125 1595 196 1678 apud
223 1594 333 1660 alueos
355 1591 518 1675 scriptores
545 1602 577 1655 et
600 1590 633 1656 in
655 1596 805 1657 eommuni
826 1614 967 1659 sermone
988 1604 1050 1657 tam
1071 1614 1176 1659 nume·

79 1718 137 1761 rosa
154 1707 223 1763 suut
242 1694 393 1779 exempla,
419 1705 452 1757 ut
470 1694 559 1759 eitius
579 1696 697 1760 credam
718 1696 849 1772 literam,
872 1715 960 1779 quam
981 1696 1096 1761 librarii
1113 1716 1177 1761 non

79 1820 136 1862 raro
156 1799 204 1862 vel
226 1808 334 1861 eontra
355 1807 483 1861 metrum
504 1796 668 1874 iueuleaut,
692 1799 730 1861 ab
752 1797 798 1861 bis
820 1798 918 1882 potius
938 1798 1098 1883 aliquoties
1118 1799 1175 1862 im·

79 1912 191 1985 portuno
212 1900 360 1977 additam,
384 1919 471 1982 mam
492 1898 729 1985 ascriptoribus
751 1899 824 1983 ipsi's
847 1901 949 1965 neseio
971 1903 1057 1986 eujus
1076 1900 1176 1965 varia·

79 2003 155 2066 tionis
184 2024 276 2069 eausa
306 2002 339 2065 in
368 2012 483 2085 tempus
512 2013 675 2066 assumtam
705 2022 870 2085 rursusque
903 2002 1053 2067 dimissam
1083 2022 1174 2081 esses

79 2126 140 2189 quae
158 2103 334 2169 Schneideri
356 2103 508 2167 sententia
528 2124 596 2169 esse
619 2104 740 2169 videtur
760 2104 798 2169 ad
818 2104 895 2168 Plat.
914 2104 982 2168 Cir.
999 2105 1036 2169 Τ.
1054 2103 1078 2167 l.
1095 2101 1172 2170 283.

79 2208 124 2271 Sed
143 2198 172 2272 et
193 2207 268 2271 illud
291 2228 310 2270 a
328 2206 395 2269 viro
417 2206 587 2271 doctissimo
611 2206 775 2283 dissentio,
798 2208 877 2290 quod
896 2204 1122 2293 ξμπίμπληγιι
1143 2216 1176 2271 et

78 2308 290 2398 ἒμπίμπρημι
312 2330 377 2375 eum
400 2306 600 2398 ἐγγίγνομαι
621 2321 652 2374 et
674 2300 909 2398 σωγγιγνωοκω
934 2311 1052 2375 confert
1066 2310 1103 2374 Τ.
1119 2307 1172 2374 111.

78 2413 120 2477 86.
142 2435 207 2478 nam
230 2414 263 2478 iu
287 2412 333 2477 bis
354 2433 470 2496 gamm
492 2413 619 2497 primum
641 2423 724 2478 uerte
744 2414 825 2476 aliud
847 2424 936 2477 sonat
956 2424 1045 2498 atque
1065 2434 1174 2479 seeun-

79 2516 133 2580 dum
149 2518 192 2600 1θ)
217 2536 318 2600 neque
342 2516 435 2598 magis
458 2516 578 2579 auditur
605 2536 692 2599 quam
721 2516 754 2579 iu
776 2507 958 2604 ἐγγεγύηκα
980 2527 1069 2600 atque
1091 2515 1175 2580 simi·

79 2618 158 2695 libus,
189 2641 267 2704 quae
293 2619 329 2682 ad
352 2617 466 2704 Pbryn.
491 2639 522 2703 p.
548 2617 621 2682 155.
652 2618 743 2682 allata
771 2629 860 2693 sunt,
895 2619 947 2682 sed
972 2617 1174 2682 adulterinum

80 2732 124 2800 est,
143 2733 175 2786 ut
195 2722 228 2785 in
246 2713 423 2808 φυγγάνω,
446 2715 614 2809 λαγχάνω.
637 2758 681 2770 -
703 2720 807 2784 Litora
825 2705 854 2786 J
869 2742 908 2785 ue
931 2721 1067 2785 erebrius
1087 2719 1174 2804 inge·

79 2835 181 2888 teretur
205 2825 361 2888 Porsenus
390 2825 426 2887 ad
455 2823 508 2888 Or.
532 2823 607 2889 292.
637 2824 704 2908 pro'
719 2820 898 2912 ι’σχναίνω,
931 2823 1008 2909 quod
1034 2822 1173 2906 analogia

80 2926 208 3007 postulat,
245 2927 366 2990 Attieos
396 2923 534 3015 ἰσχωίνω
566 2926 681 2990 dixisse
711 2927 897 3007 arbitratur3
942 2926 991 2989 oui
1022 2926 1174 2989 consentit

83 3026 258 3106 sebastenus,
295 3051 351 3094 nee
372 3040 520 3113 repugnat
540 3028 683 3092 Matthiae
705 3028 743 3090 ad
764 3049 796 3093 v.
820 3025 896 3093 288.
919 3027 1002 3090 illam
1024 3027 1173 3109 antiquio·

82 3149 146 3206 rem,
176 3132 253 3198 hane
282 3131 449 3196 molliorem
477 3141 508 3194 et
534 3131 736 3195 recentiorem
764 3130 892 3194 formam
920 3139 954 3193 ut
979 3120 1075 3218 ἰσχάς
1102 3149 1173 3192 esse

84 3231 175 3298 dieens.
233 3229 293 3315 Qui
323 3255 426 3298 omnes
456 3233 522 3318 plus
553 3234 737 3297 contendere
767 3233 908 3328 videntur
938 3253 1023 3316 mam
1053 3229 1173 3315 probari

84 3345 171 3414 potest.
212 3338 259 3401 Ab
286 3338 364 3426 ἴσχω
388 3336 507 3400 duoitur
528 3333 666 3424 ἰσχωίνω
690 3333 840 3418 Tbeopbr.
865 3335 901 3397 de
924 3333 1015 3397 Odor.
1037 3333 1090 3396 IV.
1115 3331 1169 3397 47.

85 3432 141 3501 Pel.
169 3439 220 3505 IV.
254 3437 330 3502 178.
367 3449 401 3502 ut
429 3435 574 3520 oeulos,
606 3434 763 3517 λιταίνω,
792 3431 971 3515 ιῖλθαίνω,
1002 3431 1173 3523 α’λφωίνω,
1221 3427 1226 3438 ’

84 3573 270 3589 κ-ι-------ι

136 3661 160 3728 8)
176 3663 202 3714 In
220 3665 340 3715 diremtis
357 3663 490 3716 vocabulis
507 3656 555 3729 ἔμ’
573 3658 733 3728 ἐμνήστευεν
749 3662 813 3714 Eur.
833 3661 875 3714 ttt.
896 3661 955 3714 313.
977 3661 1061 3728 paullo
1079 3661 1172 3712 durius

86 3755 142 3797 sonat
157 3767 228 3816 quam
246 3746 315 3816 τῷδ’
332 3739 379 3819 ἄρ’
390 3746 468 3818 ’Ἀρησ
489 3765 515 3800 ν.
536 3747 673 3799 Hermann.
694 3749 727 3799 ad
743 3748 776 3799 tt.
795 3748 826 3800 tt.
846 3750 873 3799 in
890 3747 970 3800 blare.
990 3748 1032 3800 os.
1057 3755 1085 3798 et
1102 3747 1171 3799 simi·

86 3828 123 3892 lie,
144 3851 245 3902 quorum
265 3837 339 3904 eopia
355 3835 438 3902 major
456 3851 531 3904 quam
550 3842 580 3885 ut
597 3835 719 3901 exemplis
737 3851 800 3902 opus
818 3835 862 3886 sit.

137 3920 161 3986 ll)
178 3924 305 3974 Adderem
323 3915 515 3993 ἐμπιφρᾶναι,
541 3922 607 3988 quod
626 3919 720 3972 Cumas
740 3921 766 3972 in
783 3919 894 3972 Aristot.
915 3919 945 3970 II.
966 3919 1032 3971 Anu.
1053 3915 1086 3970 V.
1107 3919 1131 3970 b.
1157 3934 1172 3970 o

86 3998 190 4070 blodioee,
214 4017 245 4061 nt
265 4009 377 4071 dieitur,
402 4009 497 4070 edidit,
524 4008 575 4059 nisi
595 4007 729 4059 bekkerns
751 4008 830 4074 bajus
853 4007 998 4075 scripturae
1019 4006 1171 4057 mentionem

88 4101 170 4151 prorsus
187 4097 323 4148 omisisset.

139 4179 179 4245 ld)
193 4175 366 4253 Ἐνγίγνομαι
384 4181 462 4234 seribi
480 4188 566 4249 potest
583 4187 614 4232 ut
631 4176 755 4252 diepaldo,
781 4179 826 4232 sed
844 4195 893 4230 nou
909 4167 1047 4250 γίννομιιι.
