2792 4725
176 288 257 402 'sd
445 311 481 340 ·'
519 363 524 370 ,
578 315 1006 397 ors'san‘rarro'u.

207 515 245 579 ad
266 512 364 577 Strab.
396 508 451 581 lX'.
475 510 553 577 664.
584 511 630 602 τῇ
658 497 904 604 Macedonicam
924 497 1167 601 ’Θεσσαλονῖκῃ
1193 509 1310 576 Aeliam

206 617 245 681 Η.
267 617 349 679 Ann.
372 614 444 679 XV.
464 613 521 681 90.
546 611 863 694 ωᾱ..Μακεδονι’δι,
885 624 920 676 ut
946 611 1099 698 Tumidos
1120 635 1174 698 pro
1200 613 1312 700 Ταφί-

204 717 296 792 scdoc
317 719 416 781 Strab.
438 716 537 781 XVll.
561 714 635 783 8³3.
655 717 718 801 τῆς
739 709 1014 802 Kpcrmvsolcadoe
1036 716 1161 779 Aristot.
1185 717 1308 780 Mirabb.

204 844 233 886 c.
258 821 349 884 [ΝΠ.
375 817 529 883 Beklrarus
551 819 694 904 praetulit
714 818 836 902 vulgato
860 810 1119 903 Κροτωνιάὸος,
1148 839 1202 904 pro
1223 815 1311 891 dello

126 954 129 958 ·
203 926 246 1012 γῆ
273 922 422 1007 Theopbr.
453 923 491 985 dc
512 905 584 1005 liap.
616 924 644 1005 ξ.
668 919 723 986 49.
760 920 958 984 Schneiderus
984 916 1109 994 deltam
1135 922 1255 1006 scripsit
1281 932 1311 984 ct

203 1049 257 1108 pro
279 1023 454 1111 αἱματίθες
474 1023 626 1087 detldor.
649 1022 705 1099 tu,
728 1019 803 1088 889.
829 1020 1049 1107 αἱματίτιδες,
1070 1043 1123 1106 pro
1144 1021 1311 1110 μαργαρί-

201 1127 258 1202 δες
279 1127 384 1191 Corais
406 1128 442 1189 ad
465 1126 580 1189 Heliod.
604 1147 634 1210 p.
657 1125 731 1191 102.
755 1121 1004 1212 pcupyaplstdac,
1028 1125 1076 1190 bio
1097 1125 1219 1210 injuria,
1244 1147 1310 1190 nam

202 1228 371 1318 pccpyoplc
391 1230 510 1314 saepius
533 1227 665 1320 legitor3
683 1230 740 1296 sed
753 1228 813 1314 ‚uti
836 1228 974 1312 exempla
996 1229 1123 1320 desunt,
1144 1249 1195 1292 res
1217 1229 1253 1291 ad
1269 1230 1310 1290 di-

201 1325 387 1396 vinationem
401 1331 522 1406 ·redit‚'
538 1332 677 1414 quoniam
697 1341 729 1394 et
753 1329 941 1394 librariorum
970 1329 1005 1392 in
1027 1331 1199 1394 omittendis
1220 1331 1311 1416 sylla·

201 1435 248 1498 bis
268 1433 452 1520 negligentia
474 1444 549 1501 nota
569 1443 600 1498 et
615 1432 800 1496 Graecorum
825 1433 856 1495 in
879 1432 1031 1498 variandis
1053 1431 1310 1496 terminationibus

202 1519 238 1611 a}
258 1541 289 1601 et
310 1521 373 1610 ιῖἷς
394 1537 516 1600 libertas
539 1555 633 1619 paene
653 1533 790 1609 infinita,
825 1527 1051 1626 significationis
1079 1545 1179 1599 autem
1206 1534 1309 1598 discri-

163 1657 168 1666 ’
202 1661 271 1704 men
293 1639 409 1719 nullum
431 1650 496 1717 est,
524 1637 585 1701 nial
607 1638 683 1720 quod
707 1636 829 1700 brevior
851 1639 947 1700 lorma
968 1637 1156 1700 substantivo
1179 1637 1308 1720 propium

201 1743 322 1827 longior
349 1742 517 1826 adjectivo,
562 1740 641 1804 sicut
660 1737 884 1823 ’φαρμακῐτις
910 1737 1032 1826 βίβλος
1066 1738 1173 1803 Galen.
1205 1739 1307 1822 Comp.

200 1844 308 1908 Medic.
338 1864 367 1926 p.
400 1843 506 1906 Locc..
522 1841 560 1904 ll.
589 1840 624 1918 3,
653 1840 739 1912 593:
759 1841 794 1904 Τ.
816 1841 887 1904 Xll.
921 1841 1002 1906 nullo
1025 1843 1111 1905 modo
1133 1842 1191 1906 dici
1212 1851 1311 1926 potest

201 1943 390 2034 φαρμακίς,
414 1965 471 2008 nec
489 1933 598 2034 τρίχες
618 1942 852 2030 βλεφαρίτιδες
875 1943 958 2011 Paul.
983 1935 1060 2028 Aeg.
1085 1943 1151 2007 Vll.
1174 1942 1206 2007 3.
1232 1942 1306 2010 255.

200 2048 321 2114 eaedem
342 2046 571 2135 dispcpidcos
589 2056 641 2111 aut
662 2064 759 2110 venae
777 2046 935 2131 jugulares
960 2045 1119 2134 σφαγίδες
1145 2067 1199 2131 pro
1221 2069 1311 2132 σφα-

199 2148 339 2238 γίτιδες,
370 2168 445 2234 quae
475 2150 596 2234 longior
623 2150 720 2211 forma
741 2149 774 2211 in
788 2136 868 2234 Ῑτῆς
891 2161 925 2214 et
944 2137 1010 2224 ι’τῖς
1031 2151 1067 2212 ab
1089 2149 1224 2213 omnibus
1249 2159 1313 2212 ter·

199 2253 411 2317 minationibus
427 2263 523 2348 ‘atque
544 2253 619 2315 adeo
641 2252 677 2313 ab
695 2251 853 2335 adjectivis
872 2253 944 2338 ipsis
967 2251 1178 2341 proficiscitur,
1211 2247 1311 2338 dysi-

98 2419 101 2426 ,
154 2392 159 2403 ,
198 2353 339 2441 spc⁶⁰),
372 2351 544 2441 icoulapc,
573 2351 787 2441 ψαφαρῖτης,
818 2354 1027 2445 μακαρίτης,
1057 2353 1190 2442 medicus
1219 2354 1309 2419 Eust.

199 2479 230 2541 p.
255 2455 350 2534 tom,
373 2456 427 2523 39.
473 2458 531 2521 Sed
552 2458 627 2521 baec
650 2458 761 2565 crepui
782 2459 909 2523 mittam.

268 2751 314 2818 tt)
330 2750 411 2803 llttfr.
430 2751 573 2806 Muellerus
591 2754 623 2805 ad
641 2753 734 2806 Aesclt.
754 2753 830 2807 Eam.
855 2770 880 2821 p.
902 2755 962 2808 tat.
989 2762 1019 2805 ut
1036 2754 1220 2805 lustrationum
1237 2768 1310 2803 cera-

141 2850 146 2860 '
199 2838 315 2900 manias,
341 2839 397 2889 sine
415 2839 509 2905 quibus
522 2837 691 2907 'antiquitatis
715 2841 896 2905 interpretatio
919 2842 1030 2909 mystica
1048 2840 1189 2891 consistere
1208 2840 1310 2905 nequit,

118 2914 123 2924 “
199 2923 306 2979 Homero
324 2925 477 2991 impertiret,
497 2940 530 2975 ex
546 2925 634 2975 verbis
653 2925 738 2976 schol.
759 2924 828 2976 Viet.
849 2927 881 2978 ad
900 2918 1048 2978 tt'xxlv.
1067 2920 1196 2977 causato
1213 2920 1242 2977 tt
1260 2943 1311 2975 κα-

197 3005 339 3079 θαι’ρον’τα
355 3019 400 3063 καὶ
417 3006 530 3080 tyram
547 3008 668 3072 ἐκάλουν,
685 3020 864 3077 argumentum
882 3014 955 3065 ducit
972 3012 1107 3063 Homerum
1126 3026 1184 3071 non,
1204 3016 1233 3059 ut
1249 3010 1311 3060 vnl-
1347 3056 1351 3063 .

199 3104 286 3161 patum
304 3087 359 3168 est,
388 3089 486 3165 oivdpdc
503 3094 530 3148 lc
547 3089 659 3164 α’φνειοῦ
675 3099 809 3165 scripsisse
828 3100 873 3151 sed
890 3116 926 3138 —-
943 3094 1064 3167 sipulum.
1097 3094 1193 3148 Verum
1211 3110 1242 3146 ex
1262 3096 1312 3147 boe

159 3212 163 3219 ι
198 3184 297 3235 novitio
314 3173 409 3234 scholio
433 3182 498 3231 nibil
515 3183 692 3245 cognoscitur,
721 3186 770 3235 nisi
789 3188 855 3252 qnod
872 3187 919 3237 vix
936 3185 1063 3236 mentione
1081 3183 1201 3247 dignum,
1225 3182 1312 3232 inter·

198 3278 299 3339 pretam
317 3270 428 3335 aliquem
446 3279 535 3320 errore
553 3266 731 3330 vmsatt'ssimo
755 3272 905 3337 posterioria
928 3271 1023 3323 aetatis
1040 3269 1189 3320 institutum
1207 3268 1239 3317 ad
1258 3267 1311 3317 Ho-

197 3372 297 3409 merum
314 3354 487 3405 transtulisse
503 3360 582 3419 atque
600 3353 640 3405 illi
658 3351 737 3433 ιῇνδρὶ
755 3354 869 3428 ἀφνειῷ,
887 3357 919 3407 ad
933 3372 1007 3423 quem
1025 3355 1151 3407 homicida
1169 3353 1312 3417 coningere

197 3444 310 3503 dicitnr,
336 3437 481 3507 sci‘luprod
497 3446 584 3505 partes
603 3440 769 3505 imposuisse;
795 3458 844 3510 quc
862 3442 930 3493 lacto
948 3442 998 3493 iste
1016 3456 1085 3491 more
1104 3438 1313 3489 Scholiastarum

198 3527 328 3581 tralaticio
352 3525 384 3575 de
401 3519 549 3593 'synonymo
573 3525 693 3576 admonet
715 3524 813 3582 roirov
836 3525 865 3581 δὲ
890 3534 934 3580 καὶ
958 3521 1070 3595 oiyvlrpv
1093 3522 1148 3591 (vel
1165 3520 1313 3593 ᾱγνιστὴν)

195 3611 322 3667 ἐκάλουν.
358 3610 508 3674 Huiusmodi
535 3616 620 3661 autem
639 3610 820 3672 adnotanema'
831 3613 948 3665 'scholica
966 3611 989 3662 si
1007 3611 1065 3678 quis
1084 3606 1190 3660 totidem
1207 3612 1313 3661 veteris

197 3708 225 3753 et
241 3712 378 3765 gernum
396 3696 540 3762 scripturae
557 3697 654 3747 indicia
671 3714 728 3749 esse
746 3705 838 3765 putat,
866 3700 955 3749 rudem
981 3714 1010 3749 se
1028 3697 1119 3748 barum
1144 3709 1230 3749 rerum
1248 3713 1312 3749 osse

197 3785 318 3837 ostendit.
356 3781 384 3833 Si
409 3780 566 3834 scholiastes
592 3786 724 3850 antiquior
747 3786 794 3835 boc
817 3785 973 3851 prodidisset
996 3783 1083 3834 verbis
1108 3784 1167 3834 aliis
1185 3778 1236 3838 rtis
1253 3802 1314 3834 κα-

196 3874 335 3937 θαίροντα
352 3864 475 3922 ἐνταῦθα
491 3864 603 3937 dyadem
620 3868 710 3930 καλεῖ,
728 3871 753 3921 id
771 3872 862 3921 saltem
880 3871 998 3922 diversae
1016 3869 1083 3920 l'oret
1101 3870 1223 3920 indicium
1241 3869 1314 3927 scri,-

196 3964 299 4025 pturae,
318 3953 363 4003 sed
381 3968 436 4004 eam
454 3961 539 4005 tamen
557 3954 689 4008 refelleret
706 3956 808 4008 Homeri
826 3956 992 4017 consuetudo,
1013 3970 1078 4021 qnae
1097 3953 1263 4007 substantiva
1282 3955 1314 4005 in

195 4026 255 4108 ἶῆς
271 4040 303 4090 ab
321 4040 457 4105 adjectivis
475 4041 553 4091 dueta
572 4056 621 4092 non
638 4042 721 4107 magis
746 4043 812 4103 fert,
838 4054 913 4108 qnam
931 4040 1077 4105 bujusmodi
1094 4040 1220 4093 vocabula
1236 4044 1317 4110 epe-

195 4146 298 4196 πτρια,
330 4121 467 4194 ciatrem,
496 4117 659 4196 noproipcov,
687 4117 873 4199 novsopupp'c‚
901 4120 1047 4195 ἀληθινός,
1078 4118 1228 4195 zlmaspco't
1252 4134 1312 4179 etc.

195 4210 252 4266 Non
268 4212 360 4280 loquor
376 4211 408 4263 de
425 4212 535 4277 singulis
552 4213 700 4274 vocabulis,
725 4214 771 4266 sed
788 4214 820 4266 de
836 4212 1019 4267 vocabulorum
1036 4212 1183 4278 generibus.
