2792 4725
178 348 240 397 rm

148 530 152 545 ·
177 517 262 584 nuet
287 506 355 592 sed¹
375 505 538 610 augebit,
567 502 853 607 quandoquidem
877 502 994 577 adbuc
1019 502 1180 603 constat,
1209 533 1278 609 quo

176 678 296 779 plures
322 680 473 777 cuipiam
506 684 664 750 veterum
694 649 906 775 scriptorum
938 678 1152 777 contigerint
1177 704 1275 751 enar·

173 859 330 945 ratores,
360 845 429 919 boc
453 846 638 946 pauciores
662 844 806 919 relictos
830 870 909 919 esse
932 844 1052 942 locos,
1079 845 1124 919 de
1151 845 1276 947 quibus

175 1044 297 1093 omnes
322 1016 416 1091 idem
441 1020 606 1093 sentiant.
660 1014 704 1088 ld
728 1040 799 1115 qua
828 1018 965 1091 ratione
990 1020 1146 1114 eueniat,
1181 1016 1276 1091 baud

173 1188 326 1285 inflecte,
356 1199 396 1261 ut
419 1188 507 1262 mihi
530 1186 681 1283 videtur,
711 1188 873 1286 exposuit
897 1185 1168 1261 declamatorum
1181 1198 1274 1261 vete·

59 1354 61 1359 ’
172 1386 253 1431 rum
285 1334 404 1432 nescio
437 1360 538 1459 qais,
581 1355 684 1455 cujus
716 1350 933 1458 epimptbion
965 1354 1078 1431 bocca
1108 1356 1277 1457 Appuleji

171 1524 324 1601 Floridis
350 1524 586 1626 subscriptum
611 1528 746 1625 reperi:

274 1696 479 1793 „Graecam
503 1722 549 1769 en
575 1696 715 1795 accipe,
742 1695 875 1789 lector,
903 1684 1071 1769 fabulam.
1125 1699 1275 1770 Immor-

90 1831 94 1841 l
169 1866 312 1938 talitatis
338 1864 470 1939 donum
494 1864 701 1939 mortalibus
727 1864 937 1939 destinatum
963 1865 1140 1966 quomodo
1164 1866 1278 1965 bajuli

170 2035 332 2110 socordia
355 2039 587 2136 interceptum
619 2046 655 2111 et
686 2034 731 2106 ad
754 2060 845 2135 quos
868 2036 1076 2109 translatum
1102 2037 1168 2131 sit,
1199 2034 1275 2109 vul·

169 2209 295 2309 givaga
317 2207 470 2280 celebrat
501 2207 596 2278 fama
629 2205 815 2304 famaeque
839 2201 946 2278 fidem
971 2216 1126 2305 praestat
1156 2231 1276 2277 annua

168 2388 368 2476 serpentum
382 2378 539 2450 vernatio
557 2377 786 2474 perennitatis
806 2385 999 2476 sequestra.
1035 2377 1169 2449 Verum
1187 2403 1275 2476 ope-
1364 2464 1370 2473 ἱ

166 2573 225 2620 rae
251 2542 400 2647 pretium
425 2549 493 2650 crit
518 2549 734 2650 cognoscere
771 2571 862 2645 quae
888 2557 1034 2646 sequuta
1059 2556 1162 2618 sunt·
1212 2549 1272 2620 ln·

165 2715 277 2791 doluit
302 2718 396 2790 sacto
424 2715 508 2793 doni
533 2726 655 2790 auctor
679 2714 854 2816 luppiter,
890 2715 954 2790 sed
986 2712 1156 2788 infectum
1187 2715 1271 2790 red·

45 2869 48 2888 ’
164 2888 247 2962 der'e
272 2885 440 2988 nequibat
465 2913 578 2988 neque
604 2885 691 2960 adeo
719 2885 939 2959 desiderabat
958 2866 1298 2985 improvidamens'

162 3061 390 3158 terrigenum.
445 3061 586 3132 Etenim
611 3056 671 3128 illa
697 3066 902 3155 tempestate
926 3055 998 3129 vita
1017 3055 1268 3143 hnmanalon-

162 3231 315 3328 gissimis
341 3225 593 3302 extendebatur
623 3228 782 3300 terminis
815 3225 1023 3324 lImpidioris
1054 3231 1145 3300 aeris
1178 3226 1266 3300 bau·

162 3408 218 3470 stu
243 3408 434 3472 sustentata
459 3397 732 3498 recentibusque
754 3394 869 3503 adbuc
895 3407 930 3469 et
950 3396 1097 3481 ¹illibatis
1119 3407 1266 3470 naturae

158 3565 304 3641 viribus.
358 3569 483 3670 Neque
509 3578 584 3642 erat
618 3577 693 3640 tum
724 3568 795 3639 nlla
826 3569 902 3666 spei
930 3578 1113 3666 metusque
1138 3593 1261 3662 causa,

160 3763 248 3837 quae
274 3763 464 3838 suspensos
490 3747 626 3812 teneret
649 3739 799 3834 animos,
821 3737 1018 3835 sedpaeata
1037 3737 1154 3808 omnia
1168 3747 1279 3834 terra

158 3905 313 4009 marique
339 3910 544 3982 intemerato
569 3935 681 4009 usque
703 3893 817 3980 adbuc
830 3877 1083 3981 elementorum
1099 3880 1260 3997 l'oedbre,

157 4079 208 4150 sic
233 4087 273 4150 ut
298 4080 446 4151 otiosam
462 4061 619 4154 aetatem
647 4087 683 4152 et
707 4080 861 4178 quietem
892 4079 967 4150 sine
998 4101 1163 4149 aerumna
1187 4072 1262 4144 ulla

155 4257 190 4321 et
215 4250 291 4324 sine
317 4251 542 4324 contentione
567 4249 801 4334 traducerent.
857 4249 979 4347 ltaque
1005 4273 1112 4346 quum
1136 4243 1260 4345 decem
