2792 4725
129 233 133 243 ’
208 237 304 356 soe
564 273 891 355 orssunrsrro
920 281 967 354 11.

210 464 353 532 Eustatlr.
381 485 413 551 p.
433 461 530 542 1288,
548 461 609 532 46.
652 464 789 531 Addatur
808 463 855 530 his
877 460 968 554 Γρόξ
989 463 1008 534 ό
1028 457 1134 554 ῥόπος
1157 465 1217 536 τοῦ
1234 461 1305 537 ὅσα·

207 594 267 661 χος
294 569 378 634 Suid.
408 579 440 632 et
469 567 603 655 Hesych.
632 568 738 654 quibus
755 560 869 632 'verbis
891 568 1065 654 particulam
1086 569 1149 658 ppei
1170 571 1305 655 explicare

211 672 325 748 solent,
349 671 560 755 geminumque
581 691 631 755 ap.
654 670 758 756 Etym.
783 669 861 733 Gud.
884 691 915 756 p.
940 669 1015 748 136,
1046 669 1098 736 16.
1128 666 1205 760 ypsi}
1223 669 1305 758 παραὶ

206 771 248 842 τό
267 765 412 863 γρύζειν,
434 769 568 863 ἰσχυρός
590 777 628 839 ἐν
649 772 695 860 τῷ
717 762 966 858 α’ρπόζεινίιαλ
987 768 1149 862 οἷνασπᾷν
1168 772 1229 861 τήν
1244 767 1306 860 θή-

207 899 285 964 ραν,
313 897 388 962 quse
418 875 628 960 interpretatio
661 875 804 939 convenit
831 875 863 939 in
892 896 1002 940 nomen
1029 869 1142 964 yprip3
1170 886 1305 962 postremo

211 973 278 1067 φόξ
298 976 392 1063 meod
415 973 477 1045 τόν
498 972 589 1064 palin
612 967 784 1065 μέλλοντα
805 976 907 1062 Etym.
931 978 973 1043 Μ.
991 975 1067 1056 862,
1091 978 1145 1044 46.
1168 980 1239 1064 quod
1253 999 1307 1042 am·

208 1082 278 1168 sigo
308 1092 410 1145 utrum
438 1080 619 1166 adjectivum
648 1100 688 1143 an
717 1079 938 1144 substantivum
967 1101 1035 1146 esse
1066 1081 1210 1160 voluerit;
1242 1079 1307 1144 illud

211 1204 274 1248 uon
296 1193 384 1248 extat
412 1203 536 1266 usquam
558 1182 618 1246 nisi
640 1203 707 1246 cum
736 1181 912 1266 praeverbio
940 1184 1135 1268 compositum
1161 1179 1307 1271 πρόςφοξ,

207 1285 339 1350 alterum
353 1284 542 1350 Ptolemaeus
563 1284 596 1348 iu
618 1283 770 1348 homerico
793 1277 923 1372 φύγαδε
946 1307 1105 1372 superesse
1127 1285 1182 1350 sibi
1199 1303 1308 1370 persua·

209 1388 251 1452 sit
271 1409 304 1452 v.
331 1386 432 1450 Schol.
462 1385 499 1449 ll.
522 1388 573 1454 Π.
597 1383 674 1452 697.
703 1385 756 1450 sed
785 1387 894 1451 merito
925 1389 1062 1454 desertus
1092 1399 1150 1454 est.
1194 1385 1308 1450 Ethnica

207 1500 280 1554 sunt
305 1483 399 1577 Bet}
426 1498 459 1554 et
485 1482 591 1610 Φρόξ,
619 1498 758 1572 suspecta
786 1509 863 1572 quae
886 1489 1101 1576 Theogucstus
1124 1490 1261 1554 admiscet
1280 1507 1305 1571 p.

210 1590 286 1657 132.
311 1586 411 1680 cepte
431 1603 464 1657 et
485 1584 581 1679 apris,
603 1611 729 1676 quorum
752 1591 835 1676 prius
858 1592 987 1658 fortasse
1012 1605 1060 1658 est
1082 1613 1190 1658 nomeu
1211 1591 1308 1654 herbae

207 1685 430 1794 σορόχνον,
412 1697 544 1760 alterum
566 1715 622 1816 pro
644 1687 733 1770 πνόε
754 1694 939 1779 subrepsisse
962 1696 1095 1760 videtur.

293 1803 359 1873 Εἷς
381 1806 425 1876 οξ
445 1789 690 1885 μονοσύλλαβα
713 1795 868 1864 πόνσε’
837 1821 901 1863 εισι
913 1795 992 1886 βω
967 1794 1144 1878 ξπτολξ,’
1127 1789 1200 1887 ροόξ,
1216 1789 1306 1882 πρόξ,

209 1895 273 1980 dl}
305 1901 490 1986 Theoguost.
511 1921 544 1999 p.
562 1897 617 1964 46.
647 1897 776 1966 σπάνια
802 1896 845 1966 τό
875 1903 995 1978 ele&
953 1907 995 1978 σιξ
995 1904 1147 1990 ,mecm
1134 1901 1216 1984 (sic),
1237 1889 1307 1986 βόξ,

208 2000 273 2094 doit
304 2001 401 2070 ttae
421 2004 485 2070 cori
507 2027 530 2091 y
556 2000 707 2068 ’κλίνεται
732 2001 920 2067 Herodianus
947 2003 1086 2067 Eustath.
1110 2026 1140 2088 p.
1167 1999 1257 2074 1622,
1278 1995 1306 2060 5.

208 2117 338 2192 uterque
358 2106 605 2191 praetermittens
627 2103 757 2188 simplex
777 2095 861 2190 τρόξ
883 2106 957 2190 (nisi
972 2105 1024 2170 ille
1040 2128 1093 2190 pro
1112 2101 1174 2180 αλλξ
1187 2124 1243 2168 scu
1236 2098 1308 2185 psit)

207 2210 293 2294 cujus
320 2208 483 2292 singularis
509 2229 570 2272 uon
600 2206 770 2283 invenitur,
805 2207 857 2270 sed
884 2207 1008 2297 πρῶνες
1039 2208 1194 2296 opplet
1195 2229 1215 2272 ν
1244 2213 1307 2274 τοῖς

206 2305 360 2398 ὀσπρίοις
382 2310 469 2375 Phot.
494 2309 546 2395 qui
567 2321 600 2375 et
619 2308 766 2397 τρῶκται
786 2309 927 2375 dicuntur
949 2312 1163 2399 Hiereccseph.
1188 2331 1217 2397 p.
1241 2303 1306 2371 131.

207 2424 240 2479 et
260 2412 487 2500 τρωξαλλίδες.
531 2412 576 2476 Ac
597 2411 756 2478 vermiculi
783 2434 892 2477 nomeu
915 2413 1102 2480 hauddubie
1125 2412 1309 2481 masculinum

207 2528 274 2594 est3
312 2516 488 2581 femininum
519 2536 592 2579 vero
620 2516 841 2579 substantivum
868 2516 991 2606 τρόγες
1014 2518 1161 2607 accipiet
1186 2510 1307 2599 Hesych.

205 2630 242 2684 ut
260 2611 373 2708 γρόνη
393 2638 412 2683 e
431 2608 535 2707 ypo'o,
556 2616 680 2709 undeet
698 2610 812 2705 νραβή
831 2612 964 2707 βόθρος
985 2622 1118 2707 Hesych.
1138 2620 1204 2686 duci
1217 2623 1306 2703 potest

207 2732 241 2786 et
268 2722 394 2786 latinum
424 2721 527 2789 scrobs
558 2719 587 2783 id
618 2731 665 2784 est
694 2721 781 2784 lomes
808 2742 940 2798 ensesue,
974 2723 1032 2788 uisi
1045 2762 1050 2771 ·
1064 2736 1222 2809 utrumque
1249 2737 1309 2782 cun

208 2816 327 2914 yla'po
358 2823 510 2889 cohaeret.
565 2821 670 2907 Neque
696 2824 895 2900 omittendum
924 2838 991 2891 erat
1018 2824 1110 2915 πριόξ
1137 2825 1162 2913 η’
1189 2825 1311 2910 epaon

209 2918 329 3015 δρόσος
351 2920 419 2994 α’πό
439 2926 502 2992 τοῦ
523 2931 616 3013 πρωΐ
633 2925 734 2990 Schol.
755 2926 883 2991 Thence.
901 2928 953 2993 lV.
978 2928 1010 2995 6.
1035 2930 1113 3018 quod
1136 2928 1253 2993 doricae
1266 2922 1311 2985 ad·

207 3030 352 3095 sentitur
373 3028 500 3093 dialecto
522 3050 554 3091 v.
573 3026 702 3113 Gregor.
726 3050 760 3113 p.
775 3028 851 3094 274.
874 3050 1029 3116 perperam
1051 3023 1310 3115 aLexicograplris

164 3197 168 3203 ,
206 3133 321 3197 nostris
349 3130 523 3195 masculinis
555 3130 781 3194 adnumeratum
812 3154 844 3197 v.
870 3132 990 3197 Gallim.
1022 3134 1061 3197 H.
1090 3135 1148 3219 Ap.
1169 3132 1224 3196 41.
1271 3124 1312 3190 Ac

203 3234 327 3325 γλῶχες
347 3256 463 3319 quoque
481 3233 543 3297 lruc
563 3232 673 3297 relerri
695 3233 806 3297 meruit
828 3256 869 3299 ex
890 3236 1018 3300 Hesiodo
1033 3234 1119 3301 scut.
1140 3233 1216 3301 398.
1241 3226 1311 3315 qu⁰tl

206 3338 240 3403 iu
269 3338 422 3403 nonnullis
452 3336 537 3401 libris
565 3335 766 3425 περιγλῶχες
786 3338 939 3415 scribitur,
972 3339 1088 3415 eodem,
1118 3350 1153 3405 ut
1175 3336 1311 3406 arbitror,

208 3460 322 3526 genere
350 3440 499 3525 signatum
528 3460 585 3524 quo
615 3438 714 3502 effinia
742 3438 875 3527 γλῶσσα
892 3436 930 3503 ὀλ
949 3438 1079 3530 γλωχῖς.
1124 3440 1183 3505 Sed
1204 3436 1313 3503 revisa·

207 3564 276 3609 urus
303 3543 340 3607 ad
368 3542 568 3606 Eustathium.
612 3534 701 3617 ‘Po'fi
724 3540 817 3619 illud,
850 3544 935 3629 cujus
964 3543 1048 3607 solus
1075 3553 1215 3630 superest
1242 3534 1313 3621 apud

206 3644 369 3709 Homerum
398 3645 590 3708 accusativus
619 3645 745 3733 ῥῶγας,
773 3645 949 3709 femininum
977 3667 1045 3716 esse
1063 3658 1095 3711 et
1114 3645 1193 3713 ratio
1216 3638 1315 3727 probat

209 3756 241 3811 et
268 3747 432 3811 auctoritas
458 3746 610 3811 Eustathii
637 3745 730 3831 ipsius
759 3746 782 3811 l.
807 3768 834 3811 c.
859 3747 988 3813 alterum
1008 3770 1103 3825 vero,
1133 3741 1315 3833 quodmodo

208 3850 328 3914 acinum
351 3848 502 3933 significat
522 3850 609 3913 modo
630 3871 733 3926 uvam,
756 3860 915 3935 utrumque
929 3872 1024 3936 genus
1038 3851 1214 3935 participat:
1236 3846 1315 3936 ylo-

208 3948 348 4037 ιιασίδης
369 3949 473 4038 duim
493 3948 621 4041 πορῥοὶ
642 3956 729 4020 εἰσιν
750 3945 951 4040 ἐσθιόμενοι
978 3954 1115 4019 Dioscor.
1140 3955 1253 4039 Eupor.
1276 3945 1313 4011 H.

209 4053 283 4119 111.
307 4074 338 4139 p.
357 4050 433 4117 369.
457 4062 488 4117 et
508 4053 577 4119 aliis
598 4054 673 4121 locis
694 4057 732 4122 ad
755 4055 869 4141 Phryn.
890 4054 1130 4141 p..7li.allatis;
1158 4052 1317 4121 diversitas

180 4173 187 4187 ‘
208 4166 309 4223 autem
330 4164 493 4235 accentus,
516 4178 604 4245 qnam
626 4158 733 4227 Suidas
754 4158 875 4225 tradere
895 4159 1033 4277 videtur.
1057 4151 1123 4250 ρόξ
1146 4157 1237 4233 elder
1257 4176 1317 4265 pc·
