2792 4725
122 395 126 404 .
197 327 269 396 100
431 343 435 350 ·
555 324 875 397 DlSSEll'l'ATIO
904 325 949 394 ll.

196 507 351 573 nominum
372 507 406 574 in
426 491 499 584 οἴαξ.
528 507 715 574 Herodianus
736 531 774 575 oc.
791 508 887 574 Μον.
908 527 938 591 ρ.
955 505 1009 584 11,
1026 505 1080 574 21.
1104 503 1202 576 οὐδέν
1222 502 1293 578 ένο-

194 614 321 697 gia-cla
348 597 413 690 orl}
436 611 543 699 λῆγον
566 607 721 698 θηλυκὸν
746 605 831 678 α’λλοί
852 601 967 698 μόνον
986 608 1026 677 τὸ
1045 611 1163 698 γλαῦξ·
1198 637 1294 701 προς·

194 712 305 802 έθηκα
328 712 364 781 δέ
383 709 556 801 θηλυκόν,
579 713 640 781 ἴνοί
658 709 710 800 μη’
730 736 782 787 τις
802 711 841 780 cd
870 713 964 790 Ταῦξ
984 708 1130 804 α’ντιθη·
1161 719 1294 803 ἱστορεῖ-

123 851 127 860 ·
194 840 252 884 ται
273 813 338 906 γολρ
363 814 464 892 οὗτος
486 814 644 903 ποταμὸς
667 817 747 902 περί
770 814 940 884 Σικελίαν.
984 815 1031 881 lla
1056 827 1181 882 accentu
1204 818 1294 880 admo·

194 931 248 986 net
269 920 372 1008 Etym.
392 921 435 985 bl.
457 942 488 1005 ρ.
507 917 567 996 36,
591 917 643 984 53.
669 905 883 997 adelbricto&
899 918 1106 1004 περισπᾶται
1128 913 1295 1000 (adde'cocd
1388 929 1389 938 ’

195 1015 393 1111 φανηοντος
408 1016 632 1149 α’ρχέμρνονλ·
656 1021 696 1089 cd
702 1011 832 1090 τοίνυν
853 1024 907 1100 αλξ
921 1014 1085 1102 ὀξλλνοται,
1106 1019 1243 1088 cotto)
1213 1018 1296 1106 Θρᾷξ

193 1124 403 1211 martoniaco
423 1126 536 1192 καλ
499 1150 539 1192 το
560 1124 665 1202 Ταῦξ.
694 1126 870 1190 Mantissam
889 1125 990 1210 adjicit
1005 1124 1174 1189 Teubnious
1189 1123 1293 1188 Aneod.

193 1249 225 1314 p.
251 1227 345 1294 1236.
383 1227 480 1296 πᾶσα
509 1225 678 1315 αἰτιατική
706 1231 754 1301 εἰς
780 1213 813 1294 b
836 1221 1010 1316 ὃιφθόγγῳ
1041 1223 1295 1314 παραληγομένη

192 1331 485 1420 προπερισιτολται,
508 1329 584 1399 οἷον
604 1330 752 1418 γλαῦκα,
775 1329 1062 1416 καὺκα,’προῑκα,
1084 1329 1175 1417 αἶγα,
1197 1327 1297 1401 δαῖτα,
1380 1351 1382 1356 ’

193 1436 247 1498 sed
274 1434 348 1498 illud
374 1436 457 1510 καιλξ
484 1434 552 1518 quid
580 1434 640 1508 sit,
672 1434 828 1511 nescitnr3
869 1434 901 1498 in
929 1432 1029 1497 Gloss.
1056 1431 1167 1518 Cyrill.
1197 1430 1297 1515 legitur

193 1534 303 1604 καῦκα
315 1547 445 1622 patera,
466 1557 544 1623 quae
563 1535 688 1609 καὺκος
704 1536 761 1600 dici
780 1537 877 1613 solet,
900 1536 977 1621 apud
993 1534 1176 1621 Hesychium
1191 1535 1298 1617 Κραν·

192 1634 235 1728 γη
256 1631 395 1727 νόσημα
414 1637 579 1707 παιδίων·
606 1638 663 1706 καλ
682 1635 747 1726 yolo
769 1635 792 1725 ἦ
811 1637 916 1724 κραῦξ
942 1635 1077 1725 αεριφία
1100 1637 1192 1702 ἐστίν
1212 1661 1232 1720 η
1242 1636 1299 1700 λε·

193 1742 324 1834 γομένη
343 1739 535 1830 βασκανία,
563 1742 614 1805 ubi
635 1743 712 1826 quod
736 1739 896 1825 Sopingius
919 1740 1075 1804 substituit
1097 1737 1201 1828 γραῦς
1222 1758 1300 1822 egre·
1388 1803 1389 1822 η

193 1846 400 1938 ςίςοοονοοίι
421 1865 489 1910 cum
512 1841 658 1930 σεριφία,
683 1844 738 1907 sed
760 1842 865 1928 κραῦξ
891 1843 985 1926 magis
1008 1864 1074 1906 oum
1099 1839 1226 1930 κραυγῇ
1246 1840 1299 1903 cla·
1388 1869 1389 1932 j

170 1970 345 2035 ⁴mosorum
365 1947 545 2024 infantium,
570 1967 657 2030 quam
680 1945 861 2020 nutriculae,
885 1955 920 2008 ut
941 1945 1073 2020 videtur,
1097 1943 1299 2009 sustinentium
1366 1963 1389 2019 Ἰγ

192 2052 284 2117 livori
305 2051 488 2115 tribuebant.
531 2049 589 2114 Sed
611 2050 685 2113 baec
707 2049 738 2112 in
762 2050 936 2134 conjectura
957 2047 1066 2132 posita.
1113 2047 1251 2112 Ceterum
1270 2045 1299 2106 in

191 2153 295 2240 Etym.
317 2153 394 2216 Gud.
414 2151 490 2229 512,
513 2151 564 2216 15.
589 2147 749 2218 οὐδέποτε
770 2149 959 2239 δίφθογγος
982 2153 1029 2224 εἰς
1051 2148 1195 2218 διπλοῦν
1216 2141 1301 2234 λη’γέι

1387 2025 1389 2060 l

1388 2061 1389 2088 l

1388 2095 1389 2142 l

1388 2145 1389 2172 l

191 2252 283 2343 ιτλήν
307 2254 370 2322 τοῦ
397 2254 511 2352 προίξ,
545 2254 737 2334 manifestum
764 2265 812 2318 est
839 2266 906 2337 post
933 2251 1130 2341 δίφθογγον
1157 2252 1298 2317 excidisse
1388 2271 1389 2274 ¹

191 2360 285 2426 verba
306 2355 375 2425 αἰτέ
396 2356 458 2424 τοῦ
481 2382 499 2423 o
522 2355 715 2446 ἀρχομένης
755 2378 824 2421 nam
852 2368 886 2421 ut
913 2368 1016 2422 cetera
1037 2355 1230 2440 ignoraverit
1251 2353 1301 2437 huf
1388 2426 1389 2441 .

186 2462 239 2548 jus
255 2463 379 2527 canonis
392 2460 588 2545 perscriptor,
611 2458 852 2544 vulgatissimum
878 2481 988 2523 nomen
1010 2457 1113 2547 γλαύξ
1138 2480 1204 2523 eum
1221 2455 1297 2521 nullo

192 2574 278 2650 pacto
300 2564 510 2648 subterfugere
532 2562 640 2648 potuit,
663 2563 701 2626 de
723 2564 809 2649 cnjus
831 2562 931 2627 tonosi
953 2562 1044 2627 attica
1057 2562 1103 2647 ³⁶)
1124 2560 1253 2626 Joannes
1270 2577 1297 2645 ρ.
1388 2576 1389 2659 ρ

80 2675 82 2690 “
191 2665 225 2743 7,
248 2663 303 2734 26.
327 2666 472 2753 multique
493 2666 546 2731 alii
567 2665 684 2764 loquuti
706 2676 778 2731 suut
798 2687 831 2733 v.
855 2667 893 2730 ad
914 2665 1029 2751 Pbryn.
1053 2684 1084 2749 p.
1108 2662 1165 2729 76.

704 2857 733 2941 5.
757 2854 789 2923 8.

256 2970 396 3050 Zenodoro
416 2975 460 3046 τολ
483 2981 530 3052 εἷς
551 2962 595 3056 ε-ξ,
618 2976 702 3064 κρέξ,
725 2974 846 3058 ἐπίτεξ,
868 2976 974 3053 Λέλεξ
995 2974 1134 3040 Eustatb.
1158 2996 1188 3059 p.
1209 2968 1299 3050 1822,

55 3103 61 3116 ’
191 3079 224 3147 8.
246 3082 456 3167 Theognostus
471 3081 510 3145 ll.
529 3079 603 3146 132.
627 3081 710 3144 addit
727 3081 963 3167 monosyllabum
983 3080 1037 3155 λὲξ
1056 3080 1086 3144 et
1104 3101 1135 3164 p.
1152 3074 1207 3143 40,
1231 3094 1300 3162 quae

191 3206 283 3269 supra
303 3186 448 3273 syllabam
470 3194 559 3248 sunt:
588 3182 717 3269 Βέβρεξ
739 3178 852 3270 ὄνομα
869 3189 1019 3262 έθνοος,
1042 3177 1185 3271 αγχίτεξ,
1207 3200 1299 3247 moco-
1342 3206 1351 3223 ι
1388 3180 1389 3263 l

77 3337 81 3344 ι
191 3282 303 3369 τέλεξ,
338 3288 475 3371 idemque
503 3287 580 3349 bano
610 3286 852 3352 terminationem
881 3306 1035 3373 perrarum
1063 3305 1131 3379 esse
1160 3291 1297 3347 testatur.

191 3392 242 3458 Ex
267 3414 326 3476 quo
353 3389 499 3474 emergit,
534 3409 589 3452 cur
613 3387 722 3452 Graeci
735 3428 736 3431 =
749 3410 906 3455 romanum
931 3389 1072 3473 Simplex
1097 3387 1131 3449 in
1157 3383 1300 3471 Σίμπλιξ

190 3494 343 3560 verterint
369 3493 426 3557 llio
452 3492 539 3556 Cass.
562 3490 659 3554 LXV.
687 3491 740 3556 17.
766 3494 915 3577 princeps
941 3492 974 3555 in
1003 3487 1147 3576 πρίγκιηι
1176 3484 1297 3571 Nicepb.

191 3958 403 3979 μ

260 4060 306 4127 ac)
330 4053 422 4122 maog
436 4058 547 4111 eruut.
567 4057 598 4110 u.
618 4058 685 4110 ιιι.
705 4054 752 4109 rx.
773 4056 798 4114 a.
819 4056 870 4125 (ι.)
893 4056 919 4109 a.
943 4056 988 4107 ιιι
1008 4055 1100 4108 ruinam
1118 4054 1149 4108 ιι.
1170 4053 1213 4110 ιν.
1232 4046 1299 4118 (ιι.)
1339 4012 1341 4016 ’

192 4150 235 4203 ld.
256 4156 284 4200 ot
300 4148 360 4199 aliis
376 4145 440 4197 locis
457 4135 543 4216 γλαέξ
560 4153 591 4197 ut
607 4141 736 4211 Tbeopbr.
757 4145 788 4195 de
807 4144 878 4209 Sign.
894 4144 970 4196 Pluv.
986 4142 1031 4196 lV.
1048 4143 1073 4204 3,
1089 4141 1149 4195 198.
1167 4135 1299 4199 ltadg—

190 4241 238 4290 κτλ
251 4231 491 4308 φυκόντιΗοογολ.
506 4230 589 4306 γλαίιξ
600 4228 660 4286 πόα
669 4228 803 4301 γάλακτος
813 4221 954 4301 γεννητική
964 4230 1038 4283 Paul.
1046 4230 1111 4295 Aeg.
1120 4225 1174 4283 Vll·
1182 4223 1296 4289 tatut-

194 3599 287 3682 Greg.
310 3596 362 3662 lll.
388 3596 427 3674 5,
450 3595 504 3660 42.
528 3593 568 3659 Α.
614 3595 673 3658 Sed
695 3593 884 3677 dispiciamus
907 3592 1038 3678 singula.
1083 3589 1299 3659 Grammaticus

190 3702 225 3766 in
246 3700 360 3765 Anecd.
385 3699 508 3763 Barooc.
533 3720 564 3781 ρ.
587 3694 664 3759 418.
697 3719 786 3781 quum
811 3696 962 3759 docuisset
985 3695 1106 3759 nomina
1130 3695 1163 3757 in
1189 3698 1205 3768 ξ
1230 3710 1300 3757 exe·
1330 3750 1339 3767 .
1388 3716 1389 3725 ³

190 3804 277 3869 untia
305 3801 404 3868 vocali
430 3779 517 3865 brevi
543 3821 599 3885 per
624 3822 644 3865 κ
670 3798 834 3880 declinari,
865 3798 948 3863 illico
970 3797 1100 3884 subjicit
1116 3794 1151 3865 τί
1173 3788 1237 3863 οὖν
1262 3787 1299 3859 τέ
