2792 4725
196 321 268 389 dua
409 355 421 397 ,·
550 315 862 384 ΒΙδΒΕΒΤΑΤΙΟ
891 317 943 385 Vl.

198 499 298 589 paullo
318 498 501 583 suspiuaeiur
520 497 599 562 ldem
614 497 732 562 causari
748 497 854 584 possit,
879 497 956 583 quud
971 497 1008 562 de
1024 493 1187 587 ὀγκηστης
1201 499 1335 567 Sabae.

198 607 294 682 ferus,
318 621 375 664 neu
396 600 484 664 facile
506 600 670 685 explicatu,
689 620 744 664 σιιι
755 599 947 664 Aristarchus
969 602 1045 684 apud
1060 601 1223 667 Humerum
1247 630 1333 670 πα-

198 699 389 793 λαιμοσύνη
408 700 541 766 scribere
562 702 707 766 muluerie
729 723 814 786 quam
836 698 1099 790 παλαισμσσύνη
1120 726 1152 768 v.
1165 705 1325 769 Eustath.

198 832 229 897 p.
259 803 356 885 1587,
386 801 440 867 40.
472 804 601 891 etquid
635 801 743 869 causae
773 805 825 880 sid,
856 825 911 868 οιιο
930 800 1109 891 πάλαισμα
1130 807 1250 870 dicatur
1285 819 1329 871 ut

198 922 368 995 πταῖσμα,
392 903 576 992 παλαίμαν
600 927 674 970 veno
707 918 739 971 et
766 906 1085 1008 muiuemouu'u—
1016 919 1051 971 ut
1072 907 1143 995 dala
1144 931 1218 975 ιον.
1269 910 1325 972 An

199 1037 227 1080 su
217 1011 438 1077 manifestum
460 1019 519 1086 esl,
543 1009 737 1127 penultimam
759 1009 913 1074 nominum
943 1011 975 1074 in
997 1034 1076 1096 μων
998 997 1199 1076 *eadem
1221 1031 1324 1076 men·-

200 1137 271 1181 sura
294 1133 372 1191 esso,
394 1131 451 1194 qua
472 1131 547 1196 quae
568 1112 601 1175 iu
620 1137 673 1198 μα
694 1120 829 1187 exeunt,
853 1112 912 1175 nisi
941 1112 967 1177 si
997 1115 1032 1177 ab
1055 1113 1210 1198 epenthesi
1237 1137 1322 1200 pru-

199 1222 279 1283 feata
301 1226 348 1279 est
369 1225 403 1278 ut
422 1210 560 1301 ἦγέμων
582 1227 614 1278 et
632 1213 801 1300 κηδέμαν,
822 1223 921 1278 tamen
944 1217 1134 1298 quamobrem
1155 1216 1223 1282 aliis
1248 1219 1320 1283 alia

199 1319 395 1385 adhibeantur
414 1316 603 1396 adminicula,
626 1338 730 1402 parum
754 1317 834 1380 elane
850 1327 1037 1400 perspectum
1051 1317 1203 1383 habemus.
1228 1320 1319 1384 Nam

104 1426 120 1472 ἰ
198 1421 366 1486 fulciendae
387 1418 485 1483 vocali
506 1420 591 1484 brevi
613 1421 699 1483 modu
722 1419 817 1503 sigma
837 1418 998 1503 adjiciunt,
1020 1418 1313 1510 μεγαλοχάσμων,

199 1525 286 1589 modo
320 1519 543 1607 productionem
570 1520 712 1586 adhibent
744 1517 865 1606 ἤμων,
895 1513 1055 1607 στήμων,
1091 1520 1315 1612 ὑποθημων,

199 1628 286 1692 modo
308 1646 370 1688 ιισιι
391 1635 534 1688 mutatam
561 1625 703 1707 producte
724 1623 935 1708 pronunciant,
959 1623 1185 1713 ἱπποβάμον,
1210 1651 1242 1693 v.
1271 1630 1314 1692 ad

199 1729 315 1816 Phryn.
345 1749 375 1813 p.
407 1724 482 1790 431.
513 1725 644 1790 Ellendt.
679 1727 758 1790 Lex.
789 1726 879 1810 Soph.
913 1726 948 1789 Τ.
971 1725 1009 1792 ll.
1033 1729 1133 1794 Praei.
1161 1750 1191 1814 p.
1215 1731 1312 1795 XXl.

199 1833 257 1897 etsi
283 1822 530 1917 καρκινοβήτης
562 1827 671 1892 dieitur
702 1849 763 1892 nun
793 1825 1101 1918 ναρκινσβοὲτηςν.
1134 1833 1162 1916 g
1185 1830 1218 1898 8
1248 1856 1313 1899 neu

198 1934 297 1999 minus
320 1934 410 1997 dislal
437 1925 656 2015 πολοπάμων
686 1930 809 1996 llouneri
840 1932 914 1996 ab
905 1933 1003 1997 ισιιίσσ
1028 1928 1196 2020 θσημων,
1225 1938 1312 2001 seili-

73 2062 79 2074 ·
199 2048 249 2102 eet
269 2037 306 2100 ad
335 2034 535 2119 effugiendam
563 2033 788 2098 similitudinem
821 2033 950 2099 nominis
977 2035 1180 2123 πῆμα79).
1188 2039 1235 2104 Ab
1254 2040 1312 2104 ad·

193 2137 318 2239 je-a-tivis
346 2137 379 2200 in
411 2159 513 2222 ημον
543 2135 748 2201 desinentibus
782 2157 856 2221 quae
887 2149 1089 2222 propagantur
1123 2142 1245 2206 nomina
1273 2143 1309 2205 in

199 2263 297 2326 σννη,
321 2239 350 2303 id
372 2239 454 2302 inter
475 2259 508 2302 se
534 2238 685 2314 differunt,
711 2239 788 2323 quod
810 2261 899 2324 quum
921 2239 1108 2325 pleraque
1083 2263 1178 2328 sigma
1199 2244 1308 2308 exelu-

195 2342 320 2419 danl,
304 2334 522 2428 σφημσσύμη,
545 2338 759 2429 τλημοσύνη,
783 2334 988 2430 γνωμοσύνη
1011 2355 1069 2411 ele.
1092 2345 1238 2419 nonnulla
1259 2368 1304 2411 ex

198 2454 325 2529 eugnatu
348 2464 460 2527 genere
481 2434 766 2508 substantivorum'
757 2466 790 2508 ιιι
810 2470 878 2531 μσς
899 2457 931 2510 et
953 2472 1005 2533 μα
1027 2448 1064 2511 ad
1086 2469 1120 2512 se
1141 2448 1307 2533 recipiunt,

195 2543 476 2632 παλαισμοσύνη,
499 2538 735 2633 δρησμοσύνη,
765 2540 983 2635 χρησμοσύνη
1005 2570 1038 2615 v.
1059 2549 1169 2615 Adnue.
1194 2552 1230 2614 ad
1250 2552 1302 2637 Aj.

196 2668 227 2734 p.
251 2647 326 2713 319.
351 2669 408 2735 quo
432 2648 498 2712 lucu
520 2670 595 2736 quae
623 2648 762 2713 iuehuala
784 2661 831 2714 esd
852 2650 1034 2736 disquisitio,
1063 2672 1127 2717 eam
1149 2652 1252 2717 mihi
1238 2676 1303 2740 μοι

196 2750 362 2815 absolvisse
383 2750 507 2828 videor,
539 2752 565 2815 si
587 2752 656 2835 quid
676 2752 709 2817 iu
730 2738 777 2816 dis
799 2751 915 2832 literis,
946 2774 1023 2842 quae
1056 2752 1187 2841 quetidie
1208 2776 1303 2841 paene

196 2864 349 2930 meseum,
372 2853 540 2918 absolutum
562 2853 620 2918 diui
641 2864 752 2939 potest.

265 3100 310 3167 70)
327 3096 516 3169 Λῦτσπσῖμων,
535 3093 684 3170 ἐπιστάμαν
697 3109 748 3153 ete.
769 3101 857 3155 dorica
878 3112 954 3167 suut,
975 3105 1020 3155 sed
1037 3096 1188 3174 βσοπᾶμσιν
1205 3108 1301 3172 legitur

195 3185 222 3235 in
234 3181 363 3237 Leonidae
377 3185 485 3238 Taueni.
501 3189 681 3255 epigrammata
696 3190 779 3240 ionice
792 3190 902 3255 sumptu,
921 3187 1001 3242 παοῖν
1011 3188 1118 3241 Nicand.
1134 3190 1214 3244 Ther.
1230 3210 1257 3244 v.
1272 3194 1298 3245 3.

194 3270 329 3336 Liquidum
343 3274 473 3337 geminare
486 3274 553 3325 ratio
566 3274 638 3325 nullu
650 3281 691 3325 est
704 3275 754 3326 nisi
770 3282 828 3341 pust
848 3274 952 3329 brevem
965 3276 1093 3339 venalem,
1109 3272 1255 3347 Ἐχέμμων
1267 3279 1297 3331 ll.

194 3352 228 3407 V.
247 3356 368 3425 idduae
388 3376 438 3427 quo
449 3356 577 3428 Ἕηήμων
594 3362 637 3426 (ιιι
649 3352 797 3429 duculum)
815 3360 865 3413 diui
882 3376 966 3429 posue,
982 3362 1069 3415 nasein
1088 3379 1137 3415 cur
1148 3363 1299 3431 Spitznerua

194 3448 279 3507 neget.
367 3506 371 3512 .
