2792 4725
185 322 258 389 ³6⁰
353 302 364 315 ’
479 302 481 307 ’
552 314 944 385 nrssauvavtov.

184 500 221 573 db
239 495 424 585 πενταέτης
445 494 652 585 ηὲνητνιΗ).
697 496 812 563 Verum
840 520 1005 585 persequar
1025 510 1145 578 cetera;
1175 498 1298 587 Harpo-

186 606 280 672 cratio
300 598 455 689 Ἀνδρεία
476 598 499 686 ej
517 600 587 665 τῶν
603 596 739 686 ἀνδρῶν
753 599 878 686 vjltuloa·
901 602 1077 667 Eustatbius
1098 625 1128 688 p.
1141 600 1217 680 tw,
1234 598 1293 667 58.

183 705 308 796 ἠνορέη
329 701 422 795 ἰσχύς
439 713 498 767 etc.
523 703 598 786 quod
628 703 782 767 sirenum
808 716 856 769 cst
877 704 1010 771 Graecos
1038 705 1144 769 virilis
1175 705 1296 769 dixisse

183 832 238 898 pro
259 808 357 873 virilis
385 816 468 871 aetas
497 798 693 889 animusque,
723 806 837 871 frustra
866 822 914 871 est
941 808 1115 893 disceptatio
1141 807 1295 872 meliusne

185 909 306 1000 dadolo
321 906 470 974 scribatur
494 928 533 972 an
555 904 707 995 deducio,
731 930 856 994 quornm
878 908 951 974 illud
975 906 1151 995 Appollonio
1165 908 1294 994 placuit,

184 1017 241 1082 boe
264 1014 341 1079 Orus
363 1010 500 1097 probavit
521 1020 689 1095 propterea,
714 1012 792 1095 quod
814 1012 903 1096 (apud
923 1010 1130 1098 Theocritum)
1152 1008 1297 1098 deotpato

184 1118 335 1204 reperitur
370 1110 455 1181 κατρὶ
486 1103 663 1180 διάστασιν
702 1114 828 1178 Philum.
856 1113 971 1177 l'ecbu.
1006 1114 1035 1198 5.
1062 1112 1116 1178 51.
1150 1115 1291 1179 Cramer.

183 1221 299 1287 Anecd.
325 1216 363 1281 ll.
388 1214 461 1280 174.
491 1214 609 1279 Etenim
634 1216 692 1281 diei
713 1226 811 1301 potest
834 1226 1012 1299 utrumque,
1038 1237 1129 1280 unum
1152 1218 1294 1280 substan·

186 1324 269 1398 tive,
291 1320 419 1385 alterum
448 1316 614 1403 adjective3
643 1340 711 1381 nam
739 1318 815 1402 quod
845 1318 1029 1385 Philoxenus
1058 1318 1212 1386 contendit
1239 1340 1291 1403 ap.

184 1426 286 1510 Etym.
309 1422 352 1488 M.
376 1419 452 1496 461,
476 1418 528 1484 57.
554 1420 692 1484 Eustath.
718 1441 746 1504 p.
768 1418 822 1496 84,
839 1418 893 1485 25.
918 1419 1082 1484 masculine
1103 1416 1297 1508 όᾶνδρεῑος

109 1572 112 1577 -
186 1528 255 1603 dici,
279 1527 331 1591 sed
353 1524 442 1589 aliter
469 1520 688 1608 femininumrj
717 1519 878 1608 ἀνδρική,
911 1523 941 1586 id
969 1522 1121 1588 refellitur
1142 1522 1293 1606 exemplis

184 1628 320 1715 plurimis
347 1651 378 1693 v.
410 1626 539 1689 Herodo.
567 1623 632 1687 Vll.
664 1624 738 1689 153.
767 1626 871 1711 Eurip.
904 1624 1017 1710 Chrys.
1048 1624 1099 1690 Fr.
1124 1623 1177 1689 lll.
1209 1626 1289 1689 Plat.

184 1732 276 1795 Lacb.
298 1728 377 1799 196.
409 1728 445 1791 Ε.
471 1726 559 1791 Polit.
584 1726 658 1793 309.
695 1728 733 1790 b.
763 1727 890 1791 Aristot.
926 1727 990 1790 Pol.
1015 1726 1039 1790 l.
1064 1726 1152 1803 5,4.
1177 1726 1228 1791 111.
1253 1726 1291 1802 2,

186 1832 238 1898 10.
262 1832 407 1897 Artemid.
434 1830 457 1895 l.
484 1828 538 1904 30,
560 1826 613 1893 46.
638 1829 676 1893 ll.
702 1829 733 1908 3,
758 1828 832 1893 131.
859 1830 963 1894 Suidas
985 1851 1012 1895 s.
1031 1824 1182 1916 Ἁνδρία.
1226 1830 1295 1893 Hoc

184 1958 271 2012 vero,
299 1934 483 2019 quodmodo
507 1930 581 2012 dixi,
605 1954 750 1996 concesso
771 1943 859 2015 atque
882 1933 1024 2017 probato,
1055 1933 1124 2016 quid
1148 1934 1212 2018 jam
1241 1954 1295 1997 re·

183 2039 329 2123 linquitur
351 2037 409 2101 nisi
431 2046 465 2099 ut
493 2034 584 2097 animi
616 2055 733 2121 quoque
764 2034 921 2119 qualitates
950 2036 1097 2121 adjective
1130 2035 1295 2120 appellatas

183 2162 251 2207 esse
276 2142 436 2225 putemus?
479 2138 571 2222 Quam
595 2137 625 2199 in
648 2137 817 2220 opinionem
847 2158 902 2200 nos
924 2138 1055 2202 maxime
1077 2138 1158 2201 ducit
1178 2159 1293 2202 nomen

182 2239 309 2329 πινυτή
332 2244 435 2306 eadem
458 2251 674 2325 potestateque
694 2237 838 2325 πινντής
858 2251 889 2303 et
907 2235 1089 2327 πινντότης
1110 2240 1292 2324 praeditum,

94 2361 105 2375 “
184 2336 341 2433 specieque
365 2360 535 2427 congruens
560 2363 626 2408 cum
650 2334 753 2428 ἀρετή
784 2343 963 2423 electoris,
993 2366 1069 2428 quae
1091 2344 1200 2408 tertiae
1221 2363 1293 2430 per·

183 2450 255 2514 fecti
276 2447 387 2532 passivi
409 2465 555 2530 personae
584 2445 749 2508 assimilata
779 2455 859 2508 sunt.
911 2444 1010 2528 Atque
1044 2446 1100 2511 boc
1127 2429 1201 2510 illud
1230 2456 1291 2526 est,

184 2551 261 2636 quod
283 2552 314 2614 in
346 2551 487 2633 ingressu
516 2546 604 2631 hujus
633 2547 853 2611 dissertationis
883 2547 1027 2636 imprimis
1060 2561 1289 2614 controversum

183 2666 216 2720 et
236 2653 381 2718 lubricum
404 2672 472 2714 esse
494 2651 646 2734 professus
668 2669 755 2724 sum,
779 2659 881 2713 utrum
902 2643 1028 2735 πινυτή
1057 2653 1138 2716 istud
1170 2653 1291 2717 lemini-

182 2779 254 2842 num
277 2756 317 2820 sit
337 2753 477 2839 adjectivi
498 2743 657 2826 πινντόρ,
681 2771 721 2814 an
742 2752 826 2816 ambo
849 2754 993 2817 vocabula
1020 2755 1056 2817 ab
1084 2775 1144 2818 una
1172 2754 1291 2838 quidem

182 2859 292 2944 stirpe,
321 2858 373 2922 sed
405 2855 523 2921 diverso
546 2853 629 2938 quasi
652 2853 728 2916 nixu
758 2854 899 2938 nulloque
935 2856 1017 2919 iuter
1044 2878 1078 2922 sc
1110 2857 1290 2921 commercio

183 2963 261 3029 edita
283 2962 354 3036 sint,
378 2959 456 3023 sicut
476 2978 495 3021 a
516 2955 585 3041 πῦρ
607 2978 682 3040 quae
705 2957 889 3020 descendunt
914 2953 1025 3045 πυροί,
1048 2953 1198 3047 πυρρός,
1220 2983 1287 3025 πυ·

182 3062 239 3154 ρός
259 3075 290 3128 et
311 3057 450 3148 πνρσός.
496 3061 540 3124 Ac
569 3061 605 3123 de
628 3059 820 3144 nominibus,
844 3081 919 3142 quae
951 3062 1147 3146 substantiam
1175 3061 1291 3146 signifi·

182 3179 264 3243 aaut,
287 3165 430 3230 dubitatio
453 3165 517 3226 iere
540 3161 623 3225 nulla
645 3170 708 3237 est,
732 3183 790 3225 nec
812 3161 898 3225 fidem
921 3163 1099 3248 derogamus
1120 3162 1288 3239 veteribus,

182 3269 371 3355 qui'lupinos
394 3265 549 3351 θέρμους
572 3275 694 3330 vocatos
718 3285 785 3327 esse
808 3276 949 3345 narrant,
978 3267 1047 3348 quia
1068 3275 1101 3329 ut
1124 3267 1291 3351 Hippocra-

182 3384 228 3439 tes
255 3372 298 3435 ait
319 3370 418 3434 Dicet.
447 3368 483 3430 tt.
507 3363 582 3431 678.
612 3367 649 3429 Τ.
675 3365 699 3427 l.
726 3363 791 3451 τήν
820 3357 923 3451 φύσιν
947 3365 1088 3453 θερμοί
1108 3371 1183 3434 εἰσι.
1229 3367 1290 3432 Sed

180 3475 254 3540 illud
275 3471 403 3538 fortasse
425 3470 573 3556 plerisque
596 3468 771 3532 incredibile
801 3478 833 3531 et
859 3490 952 3553 paene
975 3479 1180 3554 portentosum
1200 3469 1292 3546 vide-

179 3578 272 3655 bitur,
296 3575 429 3639 Graecos
458 3593 509 3655 pro
534 3571 615 3634 calor
643 3567 846 3657 (θερμότης)
876 3572 992 3637 dixisse
1020 3571 1117 3656 calida
1143 3571 1290 3661 (θέρμη)

180 3699 234 3765 pro
255 3675 384 3741 virilitas
408 3669 560 3766 (α’νδριά)
584 3674 681 3737 virilis
705 3670 883 3760 (ἀνδρεία).
930 3675 1041 3739 Verum
1057 3675 1201 3739 tamensi
1219 3674 1291 3739 buic

179 3780 288 3866 ingens
309 3775 466 3841 multitudo
489 3767 642 3840 nominum
665 3782 735 3838 ente
764 3777 867 3840 oeulos
889 3779 986 3862 posita
1006 3777 1120 3853 fuerit,
1150 3794 1228 3860 quae
1247 3797 1292 3840 ex

180 3879 337 3969 adjectivis
365 3878 443 3942 lacta
469 3884 542 3942 sunt
567 3863 755 3940 substantiva
783 3879 948 3944 mutatione
980 3881 1095 3946 formae
1126 3890 1180 3943 aut
1207 3877 1292 3942 nulla

179 4043 390 4063 Μ

238 4099 293 4195 ,75)
310 4121 360 4191 Ἐξ
373 4125 415 4181 ἔτ’
428 4129 557 4196 νηπυτίης
570 4128 813 4204 11416016601104·
831 4129 875 4183 lV·
890 4129 950 4184 791·
970 4127 999 4184 ἐκ
1012 4131 1116 4200 νηπίων
1129 4127 1172 4184 ἔτι
1183 4102 1291 4196 ppo'vddv

179 4219 287 4270 Luciau.
301 4216 403 4268 Amorr.
419 4211 443 4279 5.
458 4211 500 4266 47.
519 4211 585 4266 illud
604 4213 732 4278 ambigue.
776 4209 781 4216 ‘
882 4208 887 4220 “
1157 4217 1161 4220 ·
