2792 4725
286 321 345 387 nu
371 304 562 412 nornen.
593 321 810 389 inuuere.
842 322 878 387 e.
902 322 927 388 1.
958 323 986 408 p.
1009 319 1043 387 4.
1152 319 1222 389 eor

91 466 211 600 hgin
235 501 330 566 1198.
353 502 480 587 Largius
510 501 604 566 multo
635 501 843 586 prolixiusque
865 501 962 566 fluunt
983 499 1169 566 substantiva
1190 499 1223 564 in
1312 487 1314 498 ’

117 628 178 679 ων,
202 606 238 668 de
265 603 369 686 quihus
396 605 428 666 in
452 604 567 668 Comm.
591 605 692 690 Ajacis
714 626 746 668 v.
770 604 845 671 222.
871 605 1069 679 dictumest,
1099 603 1222 686 parique

116 707 347 790 compositorum
369 707 559 771 multitudino
587 707 695 792 stipata
716 718 805 783 sunt,
834 707 941 792 partim
969 705 1223 770 substantivorum
1358 757 1361 763 .

37 867 41 877 ,
116 808 299 885 ωλνολέων,
314 809 582 894 μνρμηκωλέων,
610 801 716 893 partina
739 809 954 894 adjectivorum
976 803 1091 881 α’κίων,
1113 809 1224 896 βαρυ-

117 908 261 989 eulaeo,
276 911 471 996 θνμολέων,
489 907 696 988 λσοπλιλτων,
715 907 975 999 λευκοβρωχίων,
990 908 1224 997 μακροτὲνων,

117 1004 351 1099 πολωτρήρων,
375 1010 603 1101 τιλλοπώχων,
623 1011 809 1103 ιλψιτένων,
826 1006 1028 1100 φιλολάκων,
1049 1007 1226 1104 χαλκοπώ-

118 1139 200 1205 γων,
221 1112 456 1207 χειροδράκων.
501 1116 568 1180 Νοιι
591 1117 632 1180 ita
653 1117 805 1180 multaab
827 1115 982 1202 adJectivis
999 1118 1086 1179 ducta
1101 1109 1225 1201 εἷείρων

119 1215 219 1284 Ilicet.
243 1219 273 1280 in
298 1219 483 1282 Boissonadii
503 1220 618 1282 Anecd.
631 1220 671 1282 h.
688 1218 741 1282 III.
765 1216 840 1284 328.
868 1213 992 1300 ἀπίων,
1007 1213 1148 1294 odolen,
1165 1241 1226 1304 yc-

119 1316 302 1406 προπίων,
323 1331 444 1404 praeter
464 1320 609 1399 verbalia,
633 1341 759 1404 quorum
783 1319 865 1405 eopia
883 1321 1024 1398 maxima,
1041 1311 1227 1406 ἀμνήμων,

120 1419 329 1510 φιλειιλήμων
363 1432 422 1486 etc.
468 1428 619 1496 docentus
640 1423 776 1508 regulum
798 1425 889 1488 tradit
910 1422 1053 1488 Arcadius
1075 1445 1104 1508 p.
1130 1419 1183 1486 17.
1207 1441 1226 1485 ε

122 1525 337 1611 perispomenis
370 1535 402 1588 ct
429 1525 574 1609 oxytonis
596 1527 759 1609 composita
781 1525 915 1590 retinere
937 1537 1092 1591 accentum
1115 1516 1228 1608 simpli-¹

121 1629 211 1705 mum,
233 1626 475 1745 φιλοξενοφών,
497 1623 781 1708 Ἰπωοποσειδῶω
794 1624 1041 1714 φἰλομακειλών,
1058 1626 1226 1694 ἱππαλεκ-

119 1725 245 1815 τρυών,
276 1730 415 1794 nimirum
436 1730 463 1794 si
486 1730 618 1814 pluribus
640 1741 782 1796 constant
802 1732 943 1817 syllabici,
977 1754 1044 1796 nam
1068 1750 1143 1813 quae
1165 1747 1225 1792 unu

120 1844 173 1897 aut
201 1832 330 1909 duahus,
367 1832 543 1897 retrabunt·
574 1831 821 1920 βαθυλείμων,
853 1830 996 1926 εἶχίτων,
1032 1825 1226 1921 αὐτόχθων,

120 1928 224 2003 ὁπότε
243 1932 295 2021 μή
315 1934 434 2025 courcy}
456 1936 532 2018 (scr.
555 1935 693 2026 concepi)
723 1935 870 2026 σχέσει
850 1933 997 2013 ν’νωται,
1024 1955 1227 2021 προκοιτων,

52 2064 61 2074 ·
122 2035 320 2124 προπωλῶν,
351 2030 556 2124 προθνρων,
588 2057 664 2120 quae
691 2039 728 2100 ad
758 2040 962 2123 compendium
992 2038 1096 2102 retulit
1122 2037 1225 2122 Etym.

123 2143 165 2216 bl.
174 2140 250 2216 805,
261 2139 313 2205 56.
339 2141 481 2225 Regulam
492 2150 659 2224 sequuntur
669 2140 883 2227 monosyllabis
895 2135 1228 2228 χἰιιιιιειιωλαὶχθων,

125 2237 306 2371 ἱερόχθων,
329 2241 511 2332 ἐλελίχθων
526 2255 585 2307 etc.
609 2243 777 2329 bisyllabis,
800 2235 948 2331 εὐάγων,
970 2233 1138 2361 φιλιλχων,
1159 2265 1231 2328 μω-

123 2347 264 2437 νραιᾛων
287 2344 476 2437 deliquium,
498 2341 731 2433 βνηθνπρήων,
752 2370 859 2433 conpr
863 2369 921 2425 ων
942 2337 1148 2434 μισαλεῖζων,
1164 2368 1230 2411 πω-

124 2451 296 2543 λνχείμων
327 2452 453 2566 Appian.
490 2449 614 2513 civ.1.
646 2448 721 2516 139
757 2442 943 2538 μονοῖνκων
976 2461 1007 2513 ct
1037 2439 1230 2535 τετρᾶχκων

124 2556 329 2620 machinarum
351 2553 484 2627 nomina,
508 2564 550 2629 et,
574 2553 651 2635 quod
672 2554 807 2617 adverbii
829 2555 895 2619 loco
915 2553 1035 2628 dicitur,
1064 2541 1231 2637 ὀπισθεέν·

125 2681 220 2725 νωνω
249 2669 339 2742 atque
365 2651 592 2744 χαλωέγκωνες
612 2655 698 2741 llipp.
723 2656 759 2719 de
780 2659 848 2720 Art.
873 2679 900 2741 p.
919 2655 992 2721 155.
1017 2664 1049 2718 et
1068 2650 1143 2719 220.
1173 2651 1232 2715 Sed

124 2762 204 2825 idem
226 2770 330 2823 contra
352 2757 486 2842 regulam
507 2757 737 2845 χωλεανκῶνες
758 2758 885 2823 Aristot.
896 2758 1040 2845 Physrgn.
1053 2756 1143 2840 lll.p.
1153 2752 1229 2831 808,

126 2863 181 2927 31.
213 2874 295 2945 etp.
324 2859 399 2936 713,
425 2859 475 2925 12.
509 2861 738 2948 χωλιαγκώνες
766 2862 841 2945 apud
863 2861 1053 2925 Plutarchum
1083 2859 1229 2940 aliosque,

127 2986 202 3050 quos
224 2964 423 3028 Schneiderus
445 2962 532 3027 offert
557 2964 589 3026 in
615 2965 765 3048 Supplem.
789 2964 866 3030 Lex.
895 2965 948 3028 Gr.
972 2956 1170 3053 χονωωχκνλν
1194 2960 1231 3023 iu

108 3069 196 3134 cod.
220 3066 376 3153 hesychii,
398 3058 566 3155 ιλωοχθῶν
583 3068 616 3130 in
638 3067 693 3129 Ed.
719 3066 861 3152 Stephani
887 3065 980 3130 Antb.
1002 3067 1065 3129 Pal.
1080 3066 1135 3127 IX.
1154 3061 1229 3127 755.

126 3171 203 3255 App.
227 3171 329 3254 Epigr.
365 3168 435 3232 ·Pro
464 3165 658 3255 στρατηγίαι
680 3159 868 3256 θνςεὶχωνες
893 3169 1044 3232 Plutarch.
1068 3166 1176 3229 Timol.
1201 3184 1229 3229 c.

127 3267 275 3335 XXXVI.
300 3271 477 3335 Sebaelcrus
505 3271 575 3336 Vol.
598 3270 650 3336 IV.
674 3270 749 3336 407.
775 3271 962 3359 deceptiores
990 3270 1051 3355 legi
1072 3278 1231 3345 memorat,

127 3374 207 3459 quod
239 3373 361 3437 Heldius
390 3372 511 3437 silentio
546 3375 777 3457 praetermittit,
818 3373 954 3459 idemque
983 3373 1052 3437 Vol.
1077 3371 1129 3436 VI.
1154 3368 1230 3435 367.

126 3468 290 3565 προαγών
309 3496 328 3539 ε
351 3476 447 3540 Corae
468 3476 612 3559 praeferri
640 3476 763 3541 adnotat
784 3476 849 3540 siue
871 3476 932 3539 ullo
949 3488 1002 3541 aut
1022 3474 1233 3561 approbatione

129 3591 184 3644 aut
203 3578 431 3662 improbatione,
454 3577 512 3641 etsi
537 3579 573 3641 de
595 3577 782 3663 adjectivis
772 3601 805 3641 ιιι
827 3579 1001 3643 universum
1020 3578 1163 3662 praecipit
1176 3577 1235 3640 Ar·
1326 3578 1327 3583 ’

129 3679 275 3745 cadiusl.
303 3702 331 3743 c.
356 3691 388 3744 et
407 3676 624 3744 substantivum
648 3704 811 3778 προαχων
832 3682 953 3766 gravari
974 3682 1096 3765 dieitp.
1110 3677 1162 3755 10,
1177 3676 1232 3743 20.

77 3811 90 3817 -
127 3781 211 3847 sicut
231 3782 290 3845 alia
315 3804 390 3865 quac
411 3804 465 3867 per
487 3806 574 3856 ωνος
487 3770 722 3847 „Um
664 3808 724 3859 τος
745 3785 944 3850 declinentur.
987 3783 1083 3874 Atque
1105 3782 1149 3847 sic
1162 3782 1236 3845 illud

127 3886 272 3951 scribitur
281 3885 437 3949 Demosth
460 3886 593 3951 cwhndr
610 3908 640 3975 p.
654 3886 730 3964 611,
753 3885 785 3951 8.
809 3888 859 3953 ubi
882 3899 944 3953 tres
969 3889 1053 3952 codd.
1077 3884 1237 3972 προμνώ-

126 4013 196 4066 νες,
218 3990 348 4075 Dionys.
378 3988 445 4053 hrt.
477 3990 564 4053 Rhct.
595 3989 632 4053 Il.
657 4013 686 4075 p.
701 3988 881 4057 227..Ρ1ιιῑ.
906 3990 944 4054 V.
972 3991 1058 4054 Brut.
1081 3988 1233 4055 XXXIX.

128 4090 204 4157 265.
227 4091 332 4155 Liban.
357 4091 442 4156 Ilecl.
466 4091 582 4178 pm.
605 4093 641 4156 Τ.
651 4092 690 4155 11.
718 4092 942 4157 Ρο11.111.141.
968 4092 1105 4157 Euslath.
1125 4092 1233 4175 Opusc.

126 4194 243 4258 XXIV.
267 4192 345 4271 225,
370 4192 424 4260 81.
447 4193 573 4263 Ar'Istid.
601 4196 654 4261 Or.
678 4195 809 4263 XXVII.
833 4194 907 4261 354.
930 4196 967 4259 Τ.
985 4194 1009 4259 1.
1033 4195 1084 4261 ubi
1106 4194 1235 4259 Dindor·
