2792 4725
170 296 241 363 nra
464 324 474 337 -
519 288 842 360 orsscursmo
863 290 928 359 111.
1062 272 1064 279 '

172 472 328 541 clxxx.
348 468 533 557 άντίάοολο
553 470 612 541 nul
642 466 762 541 πόνον
790 468 977 559 ἐνδάντορο.
1021 468 1099 539 Num
1119 465 1282 561 άλάοτορ

171 588 204 642 et
224 568 424 665 άλάοτοροο,
445 576 531 663 eujus
552 596 657 641 omnes
689 576 756 641 fero
785 594 873 643 casus
894 573 1088 661 reperiuntur
1107 595 1140 641 v.
1163 574 1284 643 soem.

172 679 273 744 cmm.
282 678 318 743 T.
332 679 356 743 l.
371 678 459 745 62.ο
476 678 647 744 verbalibus
666 677 728 743 illis
750 676 894 743 baotcnus
916 677 1069 752 differunt,
1094 674 1171 762 quod
1192 676 1283 762 origo

140 804 147 853 t
171 802 277 848 eorum
291 782 366 847 latet
380 780 556 866 atquealeo
578 781 665 856 latet,
687 790 723 845 ut
743 800 782 845 ne
804 778 860 844 boc
873 779 991 863 quidem
1013 778 1124 863 liquido
1146 788 1283 856 constet,

171 894 274 950 utrum
294 886 331 949 ub
344 895 414 949 utro
434 893 533 965 ortum
554 882 613 959 sita
637 874 824 969 άνάττορος
837 891 938 945 auteur
959 900 1071 945 uereor
1085 899 1124 944 ne
1138 878 1284 945 Philoxe-

172 1007 231 1051 nus
252 986 378 1051 finxerit
399 985 493 1071 etymi
523 984 706 1073 explanandi
729 1004 819 1050 causa
841 983 942 1069 Elym.
966 982 1009 1049 M.
1033 979 1089 1058 96,
1111 980 1167 1049 46.
1190 976 1283 1051 άνά-

171 1112 261 1178 ττοορ
282 1089 356 1171 (sor.
378 1080 584 1173 άνάντορον)
607 1082 650 1153 οὐ
670 1084 855 1173 πεποίηται
872 1082 966 1171 παρά
986 1082 1026 1152 τά
1039 1078 1177 1153 cuicum
1200 1086 1280 1169 (scr.

45 1248 51 1257 ,
172 1186 357 1277 α’νάντωρ).
386 1186 513 1261 olom
529 1188 593 1278 yslo
607 1180 741 1257 τούτων
757 1187 827 1257 τῶν
849 1180 1015 1276 ῥημάτων
1040 1188 1085 1273 (iu
1106 1198 1154 1253 cst
1172 1189 1283 1277 ρημα·

171 1292 290 1378 τινοῖν)
312 1286 514 1380 παράκειται
537 1286 718 1379 οὐδετέρου
738 1284 1077 1383 παροτχημντισμόο·
1096 1287 1286 1377 πεποίηται

174 1389 239 1463 οὖν
256 1390 350 1484 παρά
367 1394 406 1463 τά
427 1389 627 1482 οἷνάκτοροτ.
667 1386 884 1484 Ἀναντάριος
902 1394 1062 1481 figuratum
1083 1402 1132 1463 ost
1144 1402 1179 1461 ul
1194 1417 1284 1481 φρο-

173 1492 298 1587 τάριοο.

686 1681 717 1771 η.
741 1684 775 1755 7.

262 1804 439 1870 Ceterorum
460 1804 706 1871 terminationum
728 1826 766 1871 ec
786 1804 993 1892 estpauoitus
1018 1812 1053 1869 ul
1067 1801 1154 1867 brevi
1169 1801 1286 1869 absolvi

175 1906 309 2001 possint:
333 1903 508 1995 ἔῢνρηττιάι
526 1906 676 1997 θεμοάληο
696 1907 807 1973 Jounn.
821 1907 931 1993 Ecpbr.
947 1904 1038 1991 Sopb.
1062 1904 1137 1972 142.
1155 1917 1187 1971 et
1199 1906 1287 1995 pul.-

175 2009 339 2098 λοοτροῖτι
358 2009 461 2098 πέδῳ,
490 2013 567 2096 quod
595 2012 633 2077 al
654 2011 769 2098 Pbryn.
792 2010 868 2077 492.
892 2007 1044 2073 adnouvi.
1091 2008 1149 2073 Sed
1176 2028 1287 2095 propa-

177 2122 276 2198 gamm
297 2132 317 2177 a
337 2112 487 2177 Brunolio
517 2114 695 2199 scripturam
722 2113 818 2177 Arist.
843 2111 939 2177 Rnnn.
964 2108 1038 2177 926.
1062 2105 1200 2197 οἶγνῶτο
1222 2103 1284 2201 (bri-

79 2299 83 2309 Ι
175 2239 273 2303 μοτο
289 2214 353 2299 jam
375 2216 447 2281 olim
467 2216 562 2302 rejeci
588 2226 713 2279 auctore
740 2214 922 2279 Scholiastua
954 2206 1024 2281 άπά
1052 2212 1115 2281 τοῦ
1134 2209 1288 2302 α’γνῶτος

177 2315 254 2404 (scr.
276 2310 454 2406 άγνοτος).
484 2314 554 2388 Ὀὐ
576 2314 641 2407 γάρ
664 2309 1078 2408 παροτχηματίζεταιάπά
1097 2315 1162 2384 τοῦ
1176 2312 1288 2406 cyrus

178 2423 228 2493 ule
249 2413 429 2507 οὐδέτερον
454 2419 564 2509 γένος,
597 2417 645 2496 οἷς
678 2443 784 2508 φησιν
813 2415 1035 2507 Honorando.
1080 2419 1144 2486 lloc
1176 2411 1288 2509 άηνάτ

178 2532 321 2588 autema
348 2522 458 2587 ceteris
479 2523 669 2600 verbalibus,
701 2544 776 2608 quae
799 2522 992 2587 Grammatici
1021 2542 1041 2587 s
1067 2525 1199 2588 secunda
1220 2543 1288 2609 per·

178 2623 253 2688 leoli
284 2624 414 2700 ducunt,
438 2626 610 2690 notabiliter
638 2625 805 2710 dirumpam
841 2645 968 2711 nauoque
1001 2620 1128 2714 άβλής,
1163 2618 1289 2713 cispio,

180 2715 299 2814 οἷτράς,
318 2716 445 2803 οἷπτάς,
466 2717 681 2814 φνλλοοτράς
702 2738 761 2794 eto.
793 2729 935 2793 aucrbis
965 2730 1110 2814 ejusmodi
1138 2729 1288 2814 originem

180 2827 303 2905 babent,
326 2850 453 2914 quorum
473 2829 549 2894 duae
571 2849 721 2894 consonae
743 2830 842 2897 vocali
862 2831 1175 2910 dirimunturmobili,
1197 2826 1288 2920 γνόο

181 2949 331 2996 consonas
357 2929 447 2996 babet
474 2930 696 2996 indissolubiles
712 2943 759 3031 —ut
787 2925 898 3033 χράο,
925 2932 991 3001 suri
992 2959 1034 3015 or,
1054 2932 1153 3026 χράω,
1180 2931 1289 3022 pilio,

180 3031 325 3112 στέλλω,
355 3054 373 3097 a
396 3033 501 3118 quibus
523 3033 669 3099 nullum
659 3055 692 3098 rn
713 3059 754 3122 ης
776 3037 826 3101 vel
842 3061 887 3112 ως
907 3037 1087 3123 utljootivum
1100 3037 1291 3123 progignitur

182 3135 262 3222 quod
282 3134 401 3219 quidem
421 3155 476 3218 per
494 3160 516 3202 τ
538 3136 722 3218 declinetur,
748 3160 815 3203 nom
841 3130 1012 3213 conuulsis
1037 3159 1092 3224 per
1111 3147 1141 3206 θ
1161 3139 1290 3205 inlecti·

183 3247 246 3313 tur,
268 3230 412 3324 ονγνλάς
432 3236 537 3322 perri,
566 3232 734 3326 άγχίβλως
756 3262 829 3304 vero
851 3261 892 3304 ex
921 3237 1106 3330 οἷηχιμολοτ
1138 3243 1291 3308 concisum

111 3384 133 3411 a
180 3347 244 3415 cst,
266 3359 323 3403 nco
344 3341 399 3404 sub
421 3361 543 3433 casuum
563 3342 711 3409 rationem
734 3344 877 3408 succedit.
921 3343 1063 3408 Omnibus
1084 3356 1183 3410 autem
1209 3367 1291 3410 oom-

167 3430 275 3506 ‘mnne
297 3453 356 3522 est,
377 3452 411 3506 nt
432 3463 486 3526 per
507 3444 616 3528 gradus
638 3445 755 3509 moveri
777 3465 837 3508 non
859 3444 994 3528 possinlp
1025 3467 1094 3510 nam
1115 3468 1163 3531 ap.
1187 3447 1289 3512 Procl.

59 3567 62 3576 ·
183 3543 222 3608 ull
249 3543 370 3608 Hesiod.
401 3544 474 3629 0pp.
497 3545 573 3611 412.
604 3541 818 3634 τ’άηκτοτάτη
844 3540 1024 3634 cipporum
1049 3549 1213 3612 scribarum
1243 3561 1293 3614 est

186 3665 275 3729 error
295 3667 349 3730 pro
370 3641 603 3734 α’βρωτοτάτη,
622 3671 678 3714 nee
701 3645 965 3738 φιλοβράτατος,
989 3651 1065 3734 qnod
1089 3650 1292 3718 Schneiderus

136 3764 137 3767 ’
185 3747 221 3810 in
240 3745 319 3811 Lex.
335 3769 362 3812 s.
385 3747 569 3839 Φιλοβόρος
584 3774 624 3817 ex
647 3753 774 3818 Stobaeo
796 3751 896 3827 affert,
918 3754 993 3837 apud
1013 3753 1092 3818 buno
1113 3753 1226 3838 legitur
1236 3753 1292 3818 sed

187 3842 491 3937 φιλοβροτότατος.
513 3889 557 3902 —-
576 3853 738 3918 Nominum
765 3855 799 3918 in
826 3855 922 3939 sigma
950 3875 1011 3918 non
1037 3875 1144 3940 purum
1174 3865 1292 3927 exeun-

187 3949 263 4016 tium
284 3973 428 4018 unmerus
455 3956 657 4040 perexiguus,
685 3958 782 4021 forma
811 3957 1018 4042 compositioni
1044 3957 1204 4034 inhabilis,
1236 3958 1292 4022 sed

188 4046 261 4135 uile,
286 4056 364 4138 quob
384 4070 477 4120 unum
509 4079 550 4122 ex
571 4057 633 4122 illis
653 4044 693 4133 οξ
714 4081 819 4144 purum
841 4061 875 4124 in
896 4059 1030 4144 genitivo
1045 4059 1288 4125 habcthcodos.

189 4152 323 4222 Gramm.
347 4179 377 4243 p.
402 4157 477 4225 118.
501 4181 543 4225 ex
565 4159 621 4226 hoo
641 4161 706 4246 ipso
720 4183 791 4228 cusu
804 4172 946 4249 propagat
960 4161 1106 4247 adectiua
1119 4157 1289 4252 άηχίολοτ,
