2792 4725
179 287 230 356 σο
533 254 855 350 ors'suararro
883 278 931 349 ιι.

180 489 213 534 v.
228 463 331 530 Relsk.
346 463 385 527 ad
399 461 557 528 Constant.
577 484 607 547 p.
621 459 698 529 256.
720 461 895 528 Schneider.
913 463 950 528 ad
964 461 1086 529 Vitruv.
1102 463 1139 529 Τ.
1153 463 1192 530 Il.
1208 467 1288 534 477.

181 563 331 640 dolatico
357 561 550 653 οἷμπέλοος,
578 555 806 640 α’κλαδούτονς
830 567 966 640 Αἰολεῖς
993 566 1126 654 Hesycb.
1164 562 1293 658 ἐμβάς,

181 664 335 758 ἐσοσμβοές
347 667 403 755 ¹¹),
426 664 563 756 σ’κριβοές
581 671 668 735 ἔνιοι
684 664 746 734 σὸν
763 661 884 756 ἄγριον
900 664 995 757 κριόν
1012 668 1143 771 Hpsyeb.
1168 667 1293 760 ὀροβά-

181 773 250 842 doc
270 770 404 859 capiccio
423 769 466 834 ld.
488 772 524 835 de
545 791 602 854 quo
621 791 735 854 genere
757 770 898 835 adnotavi
918 773 956 836 ad
974 771 1089 858 Pbryu.
1108 793 1138 856 p.
1155 771 1230 839 610.
1242 775 1295 858 Ν),

181 875 297 960 aliaque
323 873 356 937 iu
378 872 507 938 Dissert.
532 872 584 936 111.
609 872 721 938 c.111.
750 873 779 956 §.
804 871 836 936 1.
865 872 974 950 allato,
1005 895 1131 958 quorum
1156 877 1292 942 omnium

181 976 327 1061 simplicia
351 994 413 1037 oon
436 985 553 1038 extant.
600 975 735 1060 Simplex
761 966 824 1049 κοῖς
852 974 960 1062 δέρμα
986 975 1117 1062 Hesycb.
1136 982 1182 1061 Π)
1210 978 1291 1042 baud

182 1080 269 1146 dubie
295 1098 315 1142 a
338 1077 431 1142 verbo
458 1076 723 1163 broehyparalecto
749 1073 839 1145 σκάο
870 1079 989 1143 doctum
1017 1087 1082 1160 est,
1118 1079 1167 1142 oui
1192 1080 1294 1146 affinia

182 1174 390 1259 suntcredo,
415 1168 563 1256 catillo,
589 1178 715 1246 σκῦλον
735 1181 884 1266 molium,
916 1173 1039 1247 σπόλια
1059 1179 1102 1247 σοὶ
1124 1185 1293 1267 παρατιλ-

181 1272 311 1371 λόμονα
338 1285 412 1367 ἔρια
438 1280 574 1368 Hesych.
603 1273 733 1358 οποίτος
760 1281 885 1368 δέρμα,
915 1273 1036 1358 ccciccc
1061 1282 1104 1348 ld.
1131 1278 1293 1354 κάσκανσ

182 1383 387 1472 κασσύματα
407 1382 451 1446 11.
483 1381 630 1470 ccccliv]
652 1395 683 1448 ct
705 1383 852 1470 παστίλη
879 1379 1004 1472 κόπρος
1030 1387 1088 1453 καλ
1108 1379 1293 1475 οἷπόξυσμα

182 1488 253 1558 τῶν
281 1485 459 1574 δερμάτων
486 1484 569 1548 Suid.
597 1485 696 1550 Sobel.
721 1485 798 1552 Vsu.
829 1487 866 1551 ad
892 1486 988 1552 Arist.
1019 1488 1089 1553 Pac.
1119 1489 1175 1554 42.
1205 1489 1293 1576 (48.)

179 1592 339 1677 ipsumque
362 1589 467 1675 excip,
498 1589 583 1671 cujus
605 1588 716 1673 obliqui
742 1588 806 1656 τοῦ
827 1584 948 1665 σκασός
976 1601 1007 1656 et
1032 1591 1077 1679 τῷ
1106 1590 1205 1660 cccci
1230 1594 1293 1658 orti

184 1703 257 1759 suut
278 1693 314 1756 ab
336 1692 471 1754 obsoleto
493 1684 591 1771 οκσὶς,
611 1691 690 1757 unde
713 1686 927 1779 σκατοφάγος
948 1703 980 1756 ct
998 1685 1241 1762 νεοσποῖτωσον
1262 1697 1313 1760 id·

183 1806 232 1861 est
251 1787 479 1862 νοοκοίστοοσν
499 1793 611 1858 Athen.
631 1792 716 1856 XIV.
736 1791 812 1860 622.
828 1794 867 1858 Α.
891 1795 977 1858 brevi
997 1807 1156 1880 utrumque
1176 1797 1291 1875 vocali,

184 1909 219 1962 ut
238 1909 270 1962 et
288 1901 412 1984 dycaeo
430 1895 579 1976 (laconice
596 1897 733 1983 ἔγκατα)
754 1895 873 1960 viscera
892 1897 953 1960 cuti
970 1900 1115 1982 subjecta,
1138 1889 1291 1964 s'atcrcus.¹

184 2001 340 2066 Postremo
368 1999 418 2084 qui
439 1998 526 2062 latini
548 1999 678 2062 nominis
701 2009 837 2064 scortum
862 1999 1047 2064 intellectum
1073 2000 1217 2085 duplicem
1241 2024 1294 2067 re-

184 2104 355 2188 putaverit,
388 2114 461 2165 uon¹
476 2101 620 2165 dubitabit
647 2101 777 2165 indidem
804 2111 945 2187 repetere
973 2123 1082 2186 graeca
1107 2095 1238 2179 coiccor.
1261 2117 1296 2170 ct

183 2199 286 2272 κοίσα.
326 2203 473 2270 Arcadim
494 2226 524 2288 p.
548 2201 608 2279 76,
632 2202 686 2266 16.
716 2195 841 2276 σοι’σσος
861 2197 931 2270 dard
952 2204 1015 2270 coci
1037 2200 1139 2280 κοέοος
1159 2205 1294 2294 γίνεται

184 2303 272 2374 κακοὶ
292 2303 511 2392 πλεονασμὸν
532 2291 648 2373 cociti.
678 2300 777 2375 ’Ἐστι
797 2304 833 2372 dl
855 2305 942 2381 εἶδος
963 2305 1119 2395 ἱματίου,
1149 2311 1224 2394 quod
1246 2311 1292 2375 la·

185 2410 261 2485 tine,
284 2420 367 2493 puto,
391 2418 508 2473 scortea
526 2409 647 2487 dicitur,
669 2409 743 2475 alios
766 2407 904 2498 σιόοροο·
933 2411 1089 2495 prostibuli
1110 2433 1220 2477 nomeu
1242 2425 1293 2479 est

184 2506 290 2593 κοῖσα,
312 2503 524 2592 κατάκασσα,
553 2522 585 2576 ct
604 2532 754 2599 paragoge
774 2508 938 2601 κασωρίς,
962 2503 1132 2599 κασούρο,
1160 2515 1234 2579 illud
1256 2528 1293 2581 ut

256 2785 300 2850 15)
315 2780 434 2857 Ἐπιβοὶσ
448 2786 533 2839 Scbol.
546 2786 619 2839 Piud.
636 2787 666 2839 P.
680 2786 723 2841 IV.
739 2788 799 2845 219.
821 2788 931 2841 fortasse
949 2789 1036 2841 fictum
1054 2790 1087 2841 ad
1104 2789 1293 2857 explanandum

140 2894 147 2908 ·
178 2865 277 2923 ‘nomeu
294 2867 407 2942 inepta.
436 2868 564 2943 Κεραβοῖς
579 2874 644 2940 (sic)¹
657 2868 745 2942 Etym.
764 2870 830 2925 Gud.
850 2875 915 2935 ³15,
936 2872 979 2928 11.
997 2876 1093 2927 rectius
1111 2878 1137 2927 iu
1155 2876 1218 2928 Lex.
1232 2870 1290 2927 MS.

186 2956 298 3009 Albertii
316 2959 348 3008 ud
365 2956 474 3026 Hesycb.
500 2975 522 3009 s.
540 2962 652 3027 Κέρατα
670 2960 794 3010 scribitur
813 2958 972 3030 κεροβάσησ.
1006 2958 1134 3033 Ὀκρίμασ
1151 2969 1292 3032 paroxpto-

186 3058 248 3094 uum
266 3051 293 3096 ct
310 3060 356 3111 per
371 3028 407 3100 Ji
422 3045 576 3096 declinatum
592 3059 646 3095 uon·
656 3047 741 3110 magis
752 3047 801 3097 huc
816 3046 929 3113 pertimet
942 3056 1018 3114 quam
1033 3045 1169 3116 κιλλίβασ,
1182 3045 1292 3112 ἀλίβας,

185 3119 318 3199 laxistas,
337 3146 443 3197 quorum
461 3131 532 3195 origo
549 3132 612 3183 solis
629 3139 691 3182 uoto
708 3139 749 3183 est
764 3130 944 3183 Grammaticis
959 3134 1097 3200 symbolice
1113 3134 1205 3185 doctis·
1230 3138 1293 3187 Μι-

186 3218 324 3285 μορκοβία
341 3211 405 3271 ναῦς
420 3212 451 3268 ἓν
466 3207 488 3289 ᾗ
504 3213 650 3286 ἄνθρωποι
665 3214 800 3285 βεβὴκσσκ
817 3216 928 3285 Hesycb.
946 3217 1056 3269 fortasse
1073 3219 1105 3269 de
1123 3220 1215 3287 cymba
1230 3222 1291 3271 cba-

187 3300 276 3361 rouia,
296 3304 380 3371 aplos
398 3317 444 3369 cc,
462 3303 529 3355 uude
545 3300 646 3373 alopas
661 3302 717 3353 sivo
732 3306 844 3373 βείομαι
858 3304 1013 3355 homericum
1031 3320 1087 3355 oum
1103 3305 1293 3369 significatione

187 3382 272 3437 futuri
289 3394 320 3437 ut
336 3393 449 3453 πίομαι.
693 3413 697 3426 ¹
998 3397 1001 3405 '

257 3471 303 3539 lo)
318 3468 346 3522 Iu
360 3471 513 3541 Antipbauis
528 3476 657 3537 versibus,
674 3485 739 3543 quos
753 3476 866 3527 tractavi
881 3476 913 3527 ad
925 3472 1020 3545 Pbr'pm.
1036 3484 1061 3543 ρ,
1077 3474 1135 3529 ool.
1154 3472 1218 3546 βοῦς
1229 3471 1297 3547 clys-

161 3591 166 3597 .
185 3552 277 3621 λαῖον,
297 3548 397 3628 τράγον
412 3554 549 3631 ὑλιβάτης,
574 3558 622 3623 αἲξ
637 3556 764 3633 οὗρανία,
786 3578 854 3612 nunc
871 3561 988 3628 praefero
1003 3552 1135 3633 ἤλιβοξσης
1153 3568 1184 3611 ut
1202 3560 1291 3612 Sobol.

187 3638 254 3691 ch.
274 3648 306 3696 0.
324 3643 386 3699 273.
410 3638 426 3697 ὅ
447 3645 570 3717 αἴγαγροσ
591 3642 647 3700 τῶν
668 3642 870 3716 ἤλιβατοῦντων
891 3646 962 3701 a’ool·
996 3655 1023 3698 et
1046 3647 1295 3713 apudsAoarilaum

92 3784 109 3803 a
185 3721 248 3781 cotie
264 3728 316 3795 μὲν
335 3720 490 3796 ὀρεινόμσοσ
512 3726 618 3799 ποιήσει
638 3728 770 3800 δέλφακος
788 3722 946 3803 χοληβόταα,
971 3734 1002 3783 ad
1021 3734 1163 3799 exemplum
1181 3734 1294 3785 homeri-

187 3826 244 3863 cum
261 3810 306 3866 οὖν
321 3808 486 3882 ληϊβότκκρα.
522 3816 656 3884 Lycopbso
675 3817 736 3871 177.
760 3820 842 3870 socios
860 3818 960 3880 Ulixis,
984 3819 1126 3885 dequibus
1147 3820 1191 3870 ille
1208 3820 1294 3886 loqui-

160 3901 166 3907 '
188 3903 248 3958 tur,
273 3896 339 3964 χιλῷ
356 3908 490 3951 vescentes
507 3902 619 3953 inducit·
1107 3968 1109 3973 ,

256 3983 301 4049 17)
319 3984 392 4049 Quod
410 3987 529 4052 sequitur
544 3987 675 4058 Κασσέλῃ
692 3985 828 4056 cooperior,
847 3991 885 4041 sic
898 3988 1024 4053 corrigam
1040 3986 1156 4062 καπέλῃ
1168 3987 1297 4061 ocopva'pp,

187 4067 302 4119 doricum
324 4070 390 4122 illud
412 4087 458 4138 pro
480 4069 664 4146 κακοστέλλῃ,
688 4081 718 4125 ut
740 4070 886 4143 κοὶσσριομα
910 4088 958 4143 pr'o
975 4073 1172 4144 κατάστρωμα,
1198 4065 1317 4155 aciooss¹

187 4169 233 4220 pro
250 4145 347 4211 κάθες.
378 4146 525 4229 Κολαρνεῖκ
540 4153 631 4215 οἰνὸειο
646 4150 780 4216 Λάκωνες
797 4161 875 4213 scrib.
894 4158 1021 4219 associasse
1038 4162 1069 4214 ab
1086 4153 1158 4227 iso,
1174 4154 1260 4214 οἶνῦω.
