2792 4725
201 318 254 385 llll
267 317 404 387 Nontnt.
421 318 577 385 nulnuu.
593 318 646 389 ET
660 318 792 389 SUBS‘l'.
808 318 904 391 GEN-
922 320 1056 390 nnntu.
1074 322 1104 409 ᾗ.
1120 322 1154 391 2.
1176 323 1249 393 300

136 499 266 585 intelligi
291 499 413 565 nisiex
433 500 580 586 adjnnen'u
603 510 767 584 nequeant.
813 501 887 583 Quia
909 503 993 567 enim
1012 494 1248 589 καλλιώνυμος

137 604 207 689 quid
228 604 274 669 rei
295 602 336 669 sit
357 601 520 680 divinabit,
553 604 632 686 quau
663 624 775 667 numen
806 626 875 669 uum
904 625 941 669 re
974 605 1144 688 significata
1171 604 1249 671 nihil

138 706 292 790 eonjuneti
314 704 413 781 habet,
430 705 482 769 sed
497 703 691 789 euphemiani
718 726 808 775 eausa
828 706 902 791 piari
923 706 1095 791 impositum
1115 716 1174 785 eat,
1196 706 1249 790 qni
1318 755 1325 766 .

137 808 229 893 vulgo
261 802 340 881 οῖλῦς
365 805 498 875 αἰδοῖον
527 817 664 873 venatur.
715 809 761 873 Au
789 829 829 873 ne
859 808 913 874 illa
946 809 1083 893 quidem,
1113 830 1188 894 quaa
1209 809 1248 875 ad

100 921 102 925 ’
137 928 229 977 unam
250 908 432 993 eandemque
464 909 548 993 quasi
571 910 713 975 lamiliam
735 910 909 994 pertinent,
943 912 982 977 alr
1003 912 1034 976 id
1054 911 1248 997 ambignitate

138 1022 264 1093 tarenta
294 1032 364 1077 nam
385 1008 494 1085 ῦπλοῐ
514 1034 575 1077 nan
598 1012 699 1079 soleae
721 1014 809 1079 mula
830 1014 985 1089 dieantur,
1014 1016 1069 1079 set
1089 1025 1123 1081 et
1149 1014 1247 1099 pineae

137 1115 231 1202 plani,
255 1115 305 1200 qui
327 1116 364 1180 ab
386 1114 513 1199 speeiem
541 1110 718 1194 σανδάλια,
741 1115 856 1192 soleae,
878 1116 1086 1201 plataaaue¹⁶),
1108 1114 1247 1201 appellati

137 1228 228 1295 sunt3
250 1214 379 1303 αηπαία
400 1216 530 1301 plantam
552 1228 584 1283 et
600 1219 724 1303 januam
746 1218 916 1303 signifieat,
937 1219 1086 1289 πλατεῖα
1106 1238 1247 1287 nunnun-

136 1340 225 1406 quam
246 1320 359 1397 valam,
383 1331 414 1385 et
435 1320 479 1383 sie
500 1319 572 1383 item
594 1321 664 1387 alia.
711 1322 769 1386 Saul
790 1332 839 1385 est
861 1319 942 1385 alind
965 1342 1063 1405 gerat
1083 1321 1246 1406 adjeetiva·

134 1442 224 1499 rum,
253 1442 378 1507 qnorum
399 1424 464 1507 ipsa
484 1421 598 1498 forma,
629 1442 771 1507 quamam
800 1423 962 1490 referunda
990 1423 1070 1499 aiut,
1103 1421 1247 1487 inalieium

135 1528 270 1612 praebet.
315 1525 465 1629 Ppincipia
494 1523 639 1589 voeabula
661 1525 792 1592 edulium
815 1525 996 1602 αἰνοῦντα,
1028 1523 1247 1611 μελισσῦστα,

133 1624 252 1703 ettae,
275 1626 469 1715 πυραμοῦς,
493 1626 679 1713 σησαμοῦς,
700 1628 855 1715 σησαμῆ,
875 1628 969 1714 quavi
990 1628 1147 1712 (mnata),
1170 1645 1247 1712 quau

136 1719 365 1797 terminationes
387 1730 524 1815 propriae
548 1740 620 1796 aunt
641 1730 934 1813 metusinslieurum‚
972 1732 1026 1797 real
1047 1729 1145 1796 altera
1166 1750 1247 1794 eum·

135 1834 306 1899 munieatur
320 1854 387 1897 enm
400 1833 523 1918 apim.
548 1832 727 1922 Σχοινοῦς,
753 1833 946 1912 Φοινικοῦς,
968 1831 1246 1913 Πλασανιοαοῦς,

135 1930 302 2014 Ἐλαιοῦς,
323 1929 537 2016 Ἐλαιοῦααα,
560 1935 790 2015 Μελιτοῦσσα,
812 1958 923 2022 eosque
939 1936 1084 2001 terminos
1099 1955 1247 2020 perpauca

137 2039 299 2126 excedunt,
327 2037 486 2105 αἰνοῦντα
505 2049 537 2103 et
556 2037 800 2122 nruuuiuua¹⁷)
820 2038 979 2103 tertarum
1000 2037 1133 2113 nomina,
1156 2046 1245 2120 atque

134 2140 383 2229 προςαποῦτσα
403 2140 538 2216 vaseuli3
569 2154 637 2207 narn
658 2139 852 2207 παιδοῦασα
876 2150 908 2204 et
932 2137 1100 2206 σεαοῦσσα
1126 2158 1145 2201 a
1166 2159 1246 2202 eom·

136 2242 220 2308 mnni
241 2242 455 2307 consuetudine
477 2242 650 2307 abhorrent.
696 2243 832 2308 Seenndu
853 2243 975 2328 pellium
997 2238 1105 2329 α’ριιαῆ
1112 2291 1136 2337 ,1
1155 2262 1246 2327 παρ-

53 2391 59 2396 ·
135 2342 234 2432 (lali,
258 2342 376 2434 νεβρῆ,
398 2344 488 2436 αἰχῆ,
509 2348 634 2438 μοσχῆ,
656 2369 732 2434 quae
754 2339 899 2432 nusquam
921 2346 980 2410 alio
1006 2369 1094 2434 quam
1115 2344 1154 2410 al
1174 2342 1244 2410 aub-

136 2449 300 2514 stantivum
322 2440 405 2535 δορά
427 2450 536 2515 relerri
554 2462 690 2535 possunt,
713 2452 805 2538 vulgo
820 2448 918 2516 amitti
931 2450 1068 2528 solitum,
1083 2447 1153 2532 qnia
1171 2444 1245 2512 haee

136 2573 205 2640 pars
225 2551 358 2638 eorporis
381 2561 412 2616 et
432 2552 526 2636 prima
547 2553 688 2639 adspectu
719 2565 751 2619 et
770 2554 809 2619 ad
829 2575 917 2622 aarum
937 2551 1157 2637 appositissima
1177 2559 1244 2628 eat3

137 2654 307 2721 eommunia
327 2665 426 2722 autem
456 2656 586 2742 epitheta
619 2657 744 2722 formam
778 2677 841 2720 nun
874 2667 1060 2721 contractam
1086 2653 1243 2720 retinente

135 2755 281 2846 σίσυρνα
313 2755 466 2824 noneste
495 2758 606 2825 Aeseh.
629 2758 681 2822 Fr.
707 2758 756 2822 Gl.
780 2753 910 2833 λῦιιειος
936 2749 1019 2844 &apel
1043 2757 1120 2821 Eur.
1150 2756 1242 2820 llhes.

136 2859 212 2930 208.
239 2857 366 2948 οἷμνσία
390 2861 512 2950 χλαῖνα
538 2861 666 2924 Theuer.
697 2859 813 2924 xxiv.
846 2857 899 2924 01.
931 2853 1049 2950 ὄνυχες
1081 2850 1245 2928 λεόνσσισι

136 2963 216 3028 Plut.
241 2963 277 3029 V.
303 2963 437 3028 Demetr.
461 2961 590 3028 XXVII.
622 2963 752 3050 αἴγειον
783 2961 881 3049 κέρας
908 2962 1019 3028 Athen.
1051 2983 1082 3048 p.
1105 2958 1181 3027 200.
1204 2959 1242 3025 Ε.

136 3063 275 3156 αἰγείοις
299 3064 442 3154 δέρμασι
460 3065 570 3132 Euseh.
593 3065 662 3130 adv.
686 3063 822 3129 Marcell.
845 3064 870 3129 l.
887 3063 940 3130 14.
959 3066 999 3130 Α.
1022 3056 1157 3150 ῦρνειος
1170 3061 1244 3147 (aiu)

136 3168 193 3238 aet
219 3163 350 3254 ῦςνειος
376 3164 540 3255 πνοῦμαν
561 3169 663 3236 Diase.
687 3169 761 3236 lllat.
779 3165 819 3234 ll.
835 3166 889 3245 10,
913 3165 988 3234 183.
1011 3160 1144 3255 ιιῦνειος
1160 3155 1244 3251 elepa'

207 3487 251 3554 10)
269 3487 296 3538 ld
308 3478 524 3542 οσσπλοτόεοσαι
537 3493 567 3538 nt
577 3482 691 3558 γλυκόειε
706 3486 807 3538 luanus.
843 3485 956 3537 Plautus
971 3482 1039 3535 llud.
1053 3481 1086 3536 ll.
1103 3484 1127 3548 l,
1142 3484 1168 3537 0.
1182 3483 1242 3554 plu·

136 3576 226 3626 ausina
243 3571 355 3641 appellat
372 3573 471 3624 numine
485 3570 627 3628 animavit
640 3574 717 3624 (lueto
732 3581 763 3624 nt
773 3573 918 3636 Acheruns,
935 3571 1099 3624 nahar-usius.

207 3689 251 3756 17)
268 3691 395 3744 Ασσσιλίσε
411 3707 436 3758 p.
450 3689 492 3746 07.
505 3686 541 3746 val
552 3685 589 3746 eir
598 3673 712 3746 Mat
724 3687 770 3745 tto
780 3671 802 3743 ἶ
809 3690 910 3757 ἔχοιεν,
928 3686 1176 3760 πραπιοιοπόντιι
1188 3690 1244 3746 Πι-

67 3844 75 3848 -
136 3773 242 3838 τυσῦυα,
256 3772 413 3849 Pelopiae,
434 3772 560 3844 ὀνόματα
577 3770 676 3844 νήσων,
694 3770 988 3844 ιιλιὶντιῦἘμπιυαα,
1006 3765 1173 3845 Συαῦκουσα,
1192 3789 1242 3842 qua

136 3863 268 3916 refellitur
281 3864 389 3929 vulgata
403 3865 535 3930 scriptura
546 3858 679 3920 πιτυοῦσοι
689 3862 807 3916 Diaauar.
815 3860 879 3914 Mat.
889 3859 933 3914 lV.
946 3863 1003 3919 103.
1012 3863 1023 3929 (
1028 3862 1098 3929 100.)
1114 3861 1175 3914 030.
1191 3858 1242 3912 lia·

136 3937 190 4002 len}
207 3950 290 4003 adser-
306 3949 403 4002 lntrud.
415 3947 487 4002 xlv.
506 3948 565 4002 700.
590 3956 617 4000 at
641 3942 779 4006 marianna
791 3948 865 4002 Paul.
888 3948 951 4016 Δος.
972 3946 1030 4002 vn.
1050 3948 1112 4005 tua.
1133 3953 1242 4000 autentu

137 4042 250 4087 retracta
264 4042 295 4086 ut
307 4033 473 4099 Μιλλτουσα,
492 4037 658 4100 meroem,
675 4031 811 4093 παλῦοοσα
831 4036 906 4088 spir.
927 4051 958 4089 aa
975 4035 1065 4090 Latini
1081 4047 1183 4102 quaqua
1200 4030 1243 4087 Ρί·

137 4128 225 4190 tyuaa,
242 4123 398 4188 Aminneae·
434 4121 530 4176 Rarius
548 4121 634 4174 eadem
655 4122 757 4174 nomina
772 4109 810 4178 ἦ
825 4122 970 4190 recipiunt,
989 4120 1020 4180 εἰι
1039 4111 1244 4193 mareotam

137 4206 226 4277 steph.
241 4223 263 4260 a.
277 4203 429 4279 Μιῤῥινοῦι
442 4224 468 4262 v.
482 4207 594 4278 interpp.
609 4209 643 4262 ad
655 4209 681 4262 h.
696 4208 716 4266 λ.
730 4215 761 4262 et
771 4209 881 4270 Βοοαλλι.
897 4207 1009 4277 incarp.
1021 4207 1106 4264 luter.
1118 4205 1152 4262 ll.
1161 4203 1239 4262 2070.
