2792 4725
212 180 218 215 l

285 310 344 375 nu
372 308 538 376 uouru.
566 307 739 389 nouos.
773 308 809 374 c.
831 307 878 374 ιι.
909 311 937 394 §-
962 310 993 376 1.
1133 315 1203 384 mn

96 491 172 555 balio
195 500 266 555 sunt
289 500 379 574 atquc
404 491 477 554 adeo
499 489 604 554 literas
628 488 734 554 finales
761 510 828 554 cum
850 490 937 556 verbi
959 494 1076 578 cognati
1099 493 1202 560 tuturo

95 615 264 658 communes
285 593 413 670 habent,
444 613 542 677 neque
564 603 665 657 tamen
690 592 759 675 cogi
780 603 896 678 potest,
926 605 960 658 nt
981 597 1017 658 ab
1040 596 1096 661 boc
1118 599 1202 662 ionte

95 698 225 762 derivata
246 697 327 773 sint,
357 697 425 780 quia
446 696 540 759 multa
561 696 772 779 reperiuntur,
802 716 878 778 quae
900 699 1083 781 gutturalem
1098 701 1202 787 ‚sigma

96 801 318 886 praecedentem
340 799 499 864 manifesto
524 798 598 862 foris
620 798 746 862 ascitam
768 797 890 862 babent.
936 801 1056 865 Etenim
1081 815 1115 866 ut
1140 804 1202 889 pri·

98 925 172 968 mum
195 904 231 966 de
253 902 404 966 adverbiis
426 903 534 977 dicam,
557 901 590 965 in
611 902 711 964 futuro
735 902 884 964 communi
906 923 1014 968 eorum
1028 906 1201 982 verborum,

99 1006 236 1089 aquibus
258 1000 376 1089 οἷπρίξ,
400 996 555 1092 Caedicii,
575 996 674 1090 ὖριίξ,
697 1005 786 1068 ducta
808 1006 984 1082 creduntur,
1006 1007 1113 1072 literae
1135 1020 1202 1093 gut·

96 1109 196 1172 turalis
220 1109 381 1201 vestigium
405 1108 519 1172 nullum
541 1107 640 1183 inest,
662 1129 698 1171 ac
720 1107 746 1172 si
768 1107 834 1190 quis
853 1104 1006 1194 duodece
1028 1109 1162 1186 vocalem
1184 1131 1204 1175 a

95 1206 198 1297 deuio,
228 1213 308 1274 unde
328 1203 478 1295 derideo,
504 1231 666 1274 consonam
687 1231 707 1274 a
728 1209 830 1296 de'puu
853 1213 1004 1296 accepisse
1026 1225 1128 1298 putat,
1156 1224 1203 1278 ta-

95 1337 159 1381 men
181 1315 260 1378 banc
284 1313 333 1378 vel
353 1335 409 1378 sna
430 1324 535 1398 sponte
563 1324 594 1377 ct
620 1314 686 1378 sine
710 1312 770 1376 ulla
796 1315 879 1377 verbi
901 1317 1110 1380 antecessione
1132 1317 1204 1380 sub·

96 1417 173 1483 nasci
195 1417 332 1502 potuisse
353 1417 518 1480 ostendunt
534 1411 641 1493 duaci}
659 1420 696 1482 ἐν
714 1415 810 1503 μέρει
828 1416 960 1504 Hesycb.
984 1419 1057 1496 (nisi
1076 1415 1203 1486 α’νταλ-

93 1514 148 1596 λιὶξ
169 1521 306 1600 scripsit)
332 1512 488 1594 ὑπαντάξ
512 1530 543 1584 et
565 1539 749 1606 paronyma,
778 1511 879 1606 γνύξ,
907 1517 1026 1607 εὐροὲξ,
1053 1519 1201 1608 proemii,

94 1621 214 1710 κουρίξ.
248 1623 387 1713 Idemque
404 1632 527 1706 apparet
547 1644 565 1686 e
584 1622 774 1698 nominibus3
798 1642 867 1685 nam
889 1634 932 1702 ut
944 1624 1108 1708 largiamur
1124 1623 1204 1709 θρίξ
1306 1686 1311 1704 ,

92 1727 235 1790 odorico
255 1723 362 1813 θρίξω
385 1726 483 1809 repeti
504 1746 610 1808 posse,
640 1736 778 1788 atcerte
800 1725 911 1811 φλέψ,
935 1723 1055 1814 κῆρυξ,
1077 1721 1201 1815 μήρυξ,

92 1823 232 1916 μήριγξ,
262 1827 443 1914 gutturalcm
465 1848 527 1890 nou
548 1847 567 1892 a
588 1826 741 1911 principiis
764 1827 827 1892 suis
852 1828 960 1914 φλέω,
989 1822 1101 1917 pappolo
1127 1830 1205 1918 (γῆ-

91 1956 147 2020 ρυς
163 1929 255 1998 ὅθεν
275 1930 333 1996 καὶ
351 1921 454 2017 κήρυξ
472 1930 635 2015 erepet),
656 1921 776 2017 perpetio
796 1943 988 2015 acceperunt,
1012 1934 1064 1997 sed
1085 1933 1204 1997 extrin-

92 2057 175 2100 secus
196 2045 236 2100 ut
256 2036 402 2111 mordax,
424 2043 569 2098 scaturex
590 2054 618 2097 s.
640 2033 789 2097 scaturix.
830 2033 929 2114 Quare
951 2035 995 2098 sio
1016 2036 1113 2118 potius
1136 2035 1204 2099 exi·

92 2139 271 2204 elimandum
301 2157 470 2212 consonas,
512 2156 585 2219 quas
615 2135 756 2200 adverbia
787 2147 818 2200 et
847 2137 969 2202 nomina
998 2159 1064 2202 cum
1094 2135 1204 2202 futuris

92 2261 263 2312 communes
286 2241 412 2316 babent,
436 2251 498 2304 non
518 2241 554 2303 ab
577 2238 634 2303 boe
657 2249 790 2324 tempore
812 2241 849 2304 ad
870 2239 922 2304 illa
945 2239 1124 2317 translatas,
1149 2241 1203 2304 sed

95 2347 235 2412 omuibus
258 2343 426 2429 acqualiter
452 2340 587 2428 proprias
616 2352 649 2407 et
676 2343 795 2408 nativas
824 2365 910 2420 esse,
950 2343 1055 2428 quippe
1078 2343 1142 2428 jam
1171 2343 1204 2409 in

95 2451 182 2534 stirpe
204 2449 295 2515 verbi
316 2449 444 2511 obscure
464 2447 664 2511 adumbratas.
710 2445 831 2511 Etenim
853 2469 908 2511 cur
929 2468 947 2511 a
969 2447 1064 2511 tribus
1087 2446 1206 2511 similli-

96 2552 149 2617 mis
173 2552 386 2637 praesentibus
414 2549 494 2629 ζέω,
522 2548 609 2625 ue'u,
638 2548 722 2640 ῥέω,
758 2550 816 2614 tria
844 2550 982 2613 oriamur
1009 2548 1206 2615 dissimillima
1288 2564 1290 2573 ’

96 2655 211 2730 futura,
244 2654 316 2739 quid
338 2654 457 2717 tandem
480 2674 588 2717 causae
611 2672 679 2717 csse
702 2663 802 2736 potest
829 2653 887 2716 nisi
915 2652 1057 2736 quaedam
1078 2651 1207 2737 primiti·

95 2778 197 2822 uorum
220 2756 403 2833 diversitas,
434 2778 510 2841 qnae
534 2756 567 2819 in
588 2756 756 2842 praesentis
782 2755 1019 2819 conformatione
1044 2750 1240 2831 delitescits

94 2872 213 2945 apparet
240 2868 343 2924 autem
372 2858 578 2943 et'promitur
605 2859 637 2921 iu
666 2860 833 2923 derivatis?
877 2856 978 2941 ltaque
1001 2878 1019 2919 a
1040 2854 1109 2943 opio
1139 2856 1207 2920 duci

96 2966 191 3048 potuit
204 2961 268 3050 ψίξ
291 2984 358 3025 cum
380 2961 592 3047 anticipatione
614 2963 680 3047 epus
698 2962 818 3038 literae,
842 2981 918 3044 quae
939 2960 972 3023 iu
990 2950 1086 3049 ψήχω
1107 2980 1205 3023 emer-

95 3068 153 3155 git,
182 3088 201 3131 a
223 3064 315 3154 φλέω
339 3064 449 3151 φλέψ,
480 3051 629 3145 vocalia
644 3086 731 3153 quam
753 3085 862 3128 nomen
884 3053 987 3136 attede
1013 3062 1144 3147 praefert
1160 3064 1202 3146 ³),

95 3170 126 3237 in
147 3178 366 3234 consonantem
388 3188 479 3232 versa
501 3178 534 3232 ut
554 3167 587 3229 in
609 3158 693 3233 dedet
717 3165 820 3253 clipeo,
844 3164 905 3232 δέω
928 3158 1011 3232 declat
1035 3158 1205 3250 ἐπιδευής,

98 3274 206 3351 debeo,
231 3272 349 3335 debilis.
387 3270 428 3333 ldt
448 3269 551 3333 cadem
573 3270 692 3338 ratione
714 3272 749 3333 ab
771 3266 924 3355 oidcioptue
943 3262 1063 3354 α’λύκη,
1088 3258 1206 3344 elucus,

97 3368 240 3464 ἆλιῖλυγξ
260 3374 283 3439 i.
303 3396 333 3458 q.
355 3367 457 3449 ἅλυς,
479 3374 514 3442 ab
534 3367 618 3461 docio
640 3364 764 3458 ἔρι’κω,
788 3376 884 3461 ἕρνγξ
902 3370 940 3439 ed
960 3380 1055 3459 ἕρκος
1073 3370 1205 3458 Hesycb.

99 3481 179 3565 cujus
201 3477 364 3543 exiliorem
386 3478 512 3541 formam
535 3498 645 3540 nomen
666 3477 777 3541 montis
795 3470 896 3562 Ἔρυξ
917 3476 1016 3539 reddit
1036 3476 1059 3538 i.
1079 3496 1108 3559 q.
1133 3479 1207 3561 dpv-

97 3606 146 3668 μα
172 3594 207 3647 ut
236 3580 382 3666 Τμῶλος
406 3583 519 3667 ἔρυμα
539 3578 672 3655 Λυδίας
692 3580 768 3643 Eur.
792 3579 907 3654 Bacch..
925 3576 978 3643 55.
1010 3588 1043 3641 ut
1070 3588 1101 3641 et
1122 3598 1209 3641 mons

100 3706 163 3750 cnm
181 3677 281 3773 μόνη
299 3704 406 3746 moene
427 3694 587 3767 cognatum
606 3684 745 3763 videtur3
775 3673 930 3769 ιιμηρύω
948 3673 1119 3767 (panormo,
1141 3705 1208 3767 μη-

99 3790 267 3876 ρυκῶμαι)
289 3782 405 3875 pappo?
422 3777 525 3870 piscis,
549 3808 637 3870 quem
656 3787 837 3849 Aristoteles
860 3782 928 3852 aiud
949 3785 1011 3851 τοῦ
1033 3788 1133 3873 ἔργον
1154 3806 1210 3848 vo·

100 3902 195 3955 catum
219 3912 288 3955 esse
309 3891 370 3965 ait,
401 3912 420 3954 a
440 3882 511 3959 ocio
536 3888 659 3977 (νέφω)
682 3884 743 3964 νύξ
765 3888 861 3966 azuba,
892 3909 966 3973 quae
989 3898 1035 3951 est
1057 3888 1145 3953 solita
1166 3886 1210 3949 la·

99 3993 219 4059 bialium
243 4004 274 4057 et
294 3994 490 4080 gutturalium
511 3994 699 4061 vicissitudo.
741 3992 862 4056 Etenim
884 3991 964 4077 talpa
987 3991 1079 4077 vulgo
1101 3990 1210 4055 dicitur

103 4129 313 4145 ψ,-

168 4218 196 4287 3)
212 4218 322 4273 Pbotins
342 4216 495 4289 Φλεβιὶζειν
510 4214 605 4292 lipsiaco
621 4220 656 4272 ci.
676 4218 909 4273 &decidendam
930 4214 977 4270 Gr.
1057 4178 1058 4181 Ἴ
