2792 4725
165 1373 168 1378 ,
323 1268 712 1360 n1ssnnnnn10
749 1271 984 1361 nunnus.

170 1456 238 1522 DE
280 1457 631 1526 Anlncutvts
673 1457 1134 1546 IMMOBILIBUS.*)

92 1645 243 1732 Miretur
258 1662 387 1727 fortasse
402 1660 510 1746 aliquis
526 1660 554 1726 si
577 1662 730 1747 professus
748 1664 847 1741 fuero,
867 1661 974 1748 longos
1003 1661 1072 1727 iilos
1091 1663 1126 1726 de
1145 1683 1209 1726 mn·

91 1763 260 1849 nosyllabis
278 1776 310 1832 et
325 1757 509 1848 metaplastis
527 1784 683 1830 sermones
704 1786 745 1829 ex
762 1767 953 1831 adnotatione
969 1766 1007 1831 ad
1019 1767 1068 1851 aj.
1084 1788 1117 1830 v.
1130 1763 1207 1830 323.

93 1864 203 1951 (325.)
229 1866 422 1955 profluxisse.
469 1864 524 1931 Ubi
545 1889 635 1952 quum
660 1869 805 1952 seriptum
830 1879 912 1933 esset
931 1855 1209 1956 βοτοῖασιδηρο-

90 1968 218 2054 asenna,
246 1969 279 2033 iu
301 1969 433 2034 editione
454 1970 550 2054 prima
571 1970 666 2034 muita
686 1969 828 2056 proposui
855 1969 1019 2034 consimilis
1043 1969 1209 2056 inaequali·

91 2071 165 2135 tatis
190 2071 341 2155 exempla.
386 2070 495 2137 Postea
519 2094 595 2139 vern
620 2072 762 2137 diuturna
786 2073 832 2138 rei
854 2073 1064 2137 observatione
1087 2093 1106 2136 a
1128 2094 1208 2136 eom-

5 2178 6 2185 ’
91 2173 200 2257 positis
221 2174 377 2239 traductus
397 2196 464 2239 sum
485 2177 523 2241 ad
543 2175 690 2261 simplicia
712 2196 774 2239 non
793 2174 891 2240 solum
911 2174 1052 2261 adjectivi
1071 2169 1207 2259 generis,

91 2276 147 2339 sed
173 2276 264 2342 etiam
288 2278 487 2360 substantivi,
518 2299 644 2364 quorum
671 2299 761 2363 quum
786 2277 928 2365 pleraque
953 2298 972 2342 a
997 2275 1207 2342 Grammaticis

5 2407 6 2416 ν
90 2377 122 2441 in
146 2401 273 2445 numero
295 2382 539 2465 metaplastunum
566 2381 665 2447 relata
690 2392 812 2458 essent,
844 2380 954 2466 idque
979 2382 1051 2466 jure
1078 2381 1122 2445 ita
1146 2374 1208 2446 sta·

91 2481 226 2559 tuerint,
248 2482 458 2567 inquirendum
481 2484 567 2549 duxi.
605 2485 659 2549 His
682 2506 769 2562 vero,
792 2494 882 2568 prout
902 2484 1029 2549 facultas
1051 2484 1132 2560 tulit,
1156 2484 1207 2547 ab·

91 2584 201 2647 solutis
229 2586 442 2649 revertendum
472 2598 520 2652 est
546 2587 584 2651 ad
611 2587 760 2674 adjectiva
787 2585 951 2673 composita
979 2607 1143 2674 eorumque
1172 2586 1206 2651 in

92 2706 226 2769 genere,
254 2686 407 2766 motione,
435 2699 563 2753 aecentn
584 2688 761 2755 anomalias.

560 2877 671 2932 cal).
709 2876 736 2930 1.

271 2994 340 3059 ,θα
371 2996 596 3062 nominihus
629 2998 669 3061 in
698 2982 723 3064 ν
752 2995 1008 3065 exeuntibus.
1077 3036 1082 3057 .

604 3152 634 3235 ς.
659 3151 691 3216 1.

179 3266 208 3332 A
228 3267 429 3354 simplicibus,
460 3292 534 3357 quae
558 3271 592 3336 in
612 3258 659 3339 ὦ
682 3270 904 3347 terminantur,
933 3280 1061 3336 annentu
1085 3270 1205 3337 differre

5 3423 6 3432 ,
93 3371 237 3458 syntheta
261 3372 429 3458 Stephanus
454 3376 559 3439 donet:
593 3368 765 3462 Ἀκαρνάν
791 3369 834 3448 eis
853 3370 1001 3450 Αἶνιάν,
1028 3366 1205 3462 Ἀθαμάν,

93 3466 212 3554 Ἀζάν·
241 3471 334 3543 siniti
355 3468 438 3566 γάρ·
468 3473 508 3544 τά
534 3470 736 3545 Τιτανάπαν
757 3468 947 3556 σύνθετον,
969 3486 1004 3540 ut
1024 3470 1205 3563 ψεαάάπαν

93 3575 207 3640 Julian.
232 3577 284 3641 On.
310 3579 375 3644 VH.
399 3578 475 3646 234.
500 3579 538 3644 D.
583 3581 658 3645 Huie
680 3581 864 3665 suffragatur
883 3579 1030 3644 Arcadius
1052 3602 1081 3664 p.
1106 3578 1138 3645 8.
1161 3580 1205 3648 τά

95 3682 142 3754 εἷς
169 3664 216 3746 αν
241 3673 396 3749 σύνθετα
423 3679 493 3749 άπὸ
520 3680 640 3750 άπλάν
661 3681 826 3775 ῥημάτων
847 3674 1075 3771 βαρύνονται,
1104 3680 1206 3770 Αἰγί-

94 3805 183 3863 παν,
211 3777 406 3872 Ἑρμόπαν,
436 3783 632 3853 αἰνοτίταν·
670 3783 709 3853 τά
739 3785 775 3853 δὲ
803 3777 939 3876 καρβάν
967 3777 1120 3859 ὀξύνεται
1147 3785 1206 3853 καὶ

5 3879 6 3964 i
94 3879 158 3953 ὅσα
177 3883 229 3974 ,αὴ
251 3881 320 3955 άπὸ
341 3884 461 3956 άπλάν
481 3880 664 3982 ῥημάτων,
689 3911 751 3954 uno
765 3891 866 3954 verbo
887 3887 1052 3975 simplicia,
1078 3910 1210 3973 quorum!

97 4051 305 4074 —d-——.-
389 4057 393 4066 ⁵

162 4161 187 4228 ⁸)
202 4160 299 4216 Numen
318 4164 471 4232 inscriptum
489 4135 530 4217 eit
546 4161 612 4221 κατ’
627 4161 814 4236 ἐπικράτειαν.
