2792 4725
192 294 269 365 594
554 292 868 361 utsshnrhhto
892 293 952 362 lV.

194 474 308 545 Moeris
329 494 473 561 personas
494 475 586 540 attice
606 474 786 562 πρόςαπα,
806 475 898 561 vulgo
919 482 1117 562 πρσςοπεῖα
1133 476 1238 541 vocari
1251 478 1318 543 ait.

194 578 338 645 Puculum
360 579 483 664 cymhae
504 577 601 642 simile
624 600 685 643 non
707 580 805 645 selum
827 580 997 667 νομβεῖον
1010 576 1131 655 dicitnr,
1154 580 1322 643 sedetiam

196 678 314 770 κύμβη
332 678 445 745 Athen.
468 680 526 746 Xl.
549 678 625 745 483.
648 682 687 753 A.
711 681 827 746 Auccd.
851 706 882 767 p.
906 679 982 748 274.
1008 694 1199 749 στυππεῖον
1216 683 1321 747 Schu-

195 786 301 853 liastes
323 784 448 848 Luciaui
471 784 558 847 Asin.
583 785 611 867 ἓ.
623 782 677 849 31.
695 782 812 870 ptus.
836 784 1054 869 interpretatur
1080 777 1320 872 cednnpffl),

195 888 338 973 nulloque
367 885 540 951 discrimine
568 885 687 974 κελέβη
717 887 827 951 dicitur
856 896 889 950 et
916 885 1085 975 κελέβειον
1111 887 1221 952 Athen.
1249 885 1318 951 XI.

195 989 271 1056 476.
295 991 334 1053 Ι).
358 988 499 1053 Photiusz
532 989 671 1074 Μνῇμα
693 991 762 1075 μὲν
784 986 803 1056 6
831 983 958 1078 τάφος,
982 1002 1157 1076 μνημεῖον
1181 988 1216 1055 dl
1235 988 1320 1055 πᾶν

196 1085 427 1185 μνημόσυνον
433 1141 444 1172 ,
467 1091 519 1155 sed
542 1102 660 1156 constat
687 1113 777 1177 saepe
803 1112 896 1156 nuum
922 1113 978 1179 pru
1005 1092 1103 1157 alteru
1134 1093 1222 1177 puni,
1253 1113 1320 1155 nec

195 1197 292 1283 magis
320 1196 399 1261 lixcs
429 1194 574 1259 terminos
602 1194 713 1258 hahent
740 1194 835 1281 σῆμα
868 1205 900 1259 ct
930 1207 1091 1281 σημεῖον,
1119 1189 1318 1282 γλωσσόκο-

195 1322 267 1388 μον
289 1309 320 1363 et
341 1298 625 1384 νλωσσοκομεῖον,
650 1319 775 1382 quorum
804 1299 887 1383 prius
909 1297 1047 1382 repudiat
1068 1296 1255 1383 Phrynichus
1276 1318 1314 1380 p.

120 1460 123 1467 .
196 1400 251 1469 98.
282 1400 366 1467 Platu
387 1400 481 1485 Legg.
513 1397 566 1462 lll.
590 1396 664 1464 678.
689 1400 728 1464 D.
751 1402 935 1487 μεταλλεῖα
965 1399 1085 1484 scripsit
1113 1420 1167 1485 pro
1196 1399 1315 1463 usitato

194 1505 358 1594 μέταλλα,
384 1498 570 1575 ἐνανλείοις
599 1502 683 1565 codd.
707 1506 853 1587 praebent
882 1525 936 1587 pru
957 1499 1112 1576 ἐναύλοις
1138 1503 1213 1566 Eur.
1237 1502 1312 1565 llcl.

199 1606 295 1673 111⁰.
319 1617 350 1671 et
370 1598 474 1693 cippos
500 1624 553 1687 pro
581 1600 720 1692 ciyyetor
752 1605 857 1680 Noun.
889 1607 969 1691 Epit.
996 1604 1048 1668 lll.
1072 1602 1128 1670 96.
1159 1606 1195 1670 dc
1224 1600 1315 1691 τύλη

197 1722 229 1775 et
243 1710 378 1777 αολεῖον
397 1707 460 1771 dixi
482 1705 580 1791 aliqua
594 1708 631 1770 ad
646 1707 761 1794 Phryn.
774 1708 887 1793 prta.
907 1702 1011 1782 ddrcr
1024 1720 1056 1772 ct
1078 1699 1215 1775 (λα’νειον
1236 1727 1314 1771 ccu-

197 1813 282 1879 lundi
303 1810 523 1896 Lexieugraphi
546 1813 666 1899 docent,
690 1832 747 1875 nec
767 1811 919 1896 Euphoric
941 1812 1058 1876 veritus
1079 1821 1127 1875 est
1140 1814 1193 1894 pro'
1209 1809 1314 1896 κρέας

197 1918 330 1982 scrihere
353 1926 487 2003 κρεῖον,
511 1934 597 1997 quem
619 1914 656 1978 ad
677 1913 919 1979 schematismum
941 1935 1013 1998 prae
1042 1913 1153 1979 ceteris
1181 1913 1314 1976 inclinat

62 2020 66 2045 ⁸
196 2018 359 2096 Nicander,
383 2029 579 2102 οπερμεῑον,
602 2019 821 2101 στρομβεῖον,
844 2018 1036 2096 πεααλεῑον,
1053 2008 1233 2094 nudetur,
1247 2008 1310 2082 νεί-

196 2145 308 2204 πειον,
330 2113 496 2207 δορπήῖον
518 2129 578 2183 etc.
626 2118 800 2205 Quanquam
822 2119 1021 2187 Schneidcrus
1042 2119 1076 2182 iu
1095 2118 1194 2183 Praei.
1210 2139 1241 2201 p.
1255 2117 1309 2184 Vl.

198 2225 267 2310 quia
293 2224 380 2287 modu
409 2221 499 2313 ῥιζὲα
528 2220 642 2306 legitur
670 2231 703 2285 ct
731 2222 991 2321 wellias-994⁰
1021 2219 1163 2297 ecclia,
1195 2221 1312 2285 dnhitat

196 2338 298 2393 utrum
319 2325 372 2390 ille
394 2325 536 2400 uomina,
559 2344 635 2409 quae
656 2322 790 2408 legitime
812 2326 844 2390 in
866 2350 937 2394 ειον
959 2324 1179 2401 terminantur,
1213 2324 1310 2389 curri·

196 2430 297 2518 puerit
319 2429 452 2492 detracta
481 2429 570 2493 litera
597 2432 631 2503 ἓ,
661 2449 701 2496 au
728 2428 845 2492 nativas
872 2431 983 2495 formas
1005 2425 1131 2516 ῥιζίον,
1154 2425 1308 2522 καολίον,

197 2529 349 2619 copulor,
372 2530 423 2594 uhi
444 2530 534 2617 lunga
557 2531 673 2617 syllaba
698 2551 772 2615 opus
794 2543 895 2607 esset,
926 2530 1103 2618 produxerit
1128 2530 1307 2614 interpositu

198 2635 261 2700 iota
282 2637 406 2722 ῥιζεῖον
427 2645 486 2698 etc.
533 2633 587 2704 Ille
610 2633 761 2717 posterius
782 2635 931 2717 praefurt3
955 2636 1042 2701 nohis
1064 2636 1101 2700 de
1129 2633 1197 2698 aliis
1218 2634 1308 2698 aliter

198 2737 391 2803 statuendum
413 2736 551 2814 videtum
576 2757 644 2803 nam
667 2734 847 2822 σπερμίον,
868 2736 1007 2819 νανείον,
1030 2735 1194 2824 δορπίον,
1223 2749 1306 2802 certe

198 2861 260 2906 non
282 2839 485 2924 reperiuntur,
509 2841 561 2904 sed
583 2838 717 2916 herbam,
739 2861 815 2924 quac
835 2842 926 2927 vulgo
949 2839 1130 2928 σμνρνίον,
1155 2839 1307 2904 Nicander

104 2940 106 2945 ’
198 2953 386 3030 σμυρνεῖον
413 2953 524 3020 νοσεῖς
557 2933 720 3029 σφήκειον
752 2943 867 3026 (Schol.
892 2951 1069 3031 σφηκεῖον)
1104 2953 1136 3007 ct
1163 2935 1305 3028 μυρμή-

198 3068 290 3112 νειον
316 3043 541 3130 phalangiorum
563 3067 676 3129 genera
700 3057 790 3126 sunt,
820 3034 945 3133 qudrum
973 3047 1030 3112 huc
1057 3047 1146 3111 etiam
1165 3040 1305 3134 pcdppupi

200 3160 232 3214 ct
250 3146 640 3237 puppcpuustds'cdicitur.

200 3303 410 3316 *uu——

268 3387 314 3452 24)
330 3379 436 3459 ardep,
453 3395 546 3460 stupu,
574 3392 643 3463 stipa
660 3399 688 3443 et
711 3386 806 3461 στοιβῆ
823 3389 940 3459 (culcita)
964 3389 1078 3456 ejusdem
1101 3407 1158 3444 csse
1183 3391 1304 3454 videntup

202 3473 324 3530 familiae.
422 3487 424 3492 ’

646 3695 869 3716 ..α’-’-
