<?xml version="1.0" encoding="UTF-8"?>
<!DOCTYPE html PUBLIC "-//W3C//DTD XHTML 1.0 Transitional//EN"
    "http://www.w3.org/TR/xhtml1/DTD/xhtml1-transitional.dtd">
<html xmlns="http://www.w3.org/1999/xhtml" xml:lang="en" lang="en">
 <head>
  <title>
</title>
<meta http-equiv="Content-Type" content="text/html;charset=utf-8" />
  <meta name='ocr-system' content='tesseract 3.04.00' />
  <meta name='ocr-capabilities' content='ocr_page ocr_carea ocr_par ocr_line ocrx_word'/>
</head>
<body>
  <div class='ocr_page' id='page_1' title='image "./paralipomenagra02lobegoog_0165.png"; bbox 0 0 2792 4725; ppageno 0'>
   <div class='ocr_carea' id='block_1_1' title="bbox 170 312 1225 406">
    <p class='ocr_par' dir='ltr' id='par_1_1' title="bbox 170 312 1225 406">
     <span class='ocr_line' id='line_1_1' title="bbox 170 312 1225 406; baseline 0.01 -21"><span class='ocrx_word' id='word_1_1' title='bbox 170 379 179 385; x_wconf 77' lang='grc'><strong>.</strong></span> <span class='ocrx_word' id='word_1_2' title='bbox 309 315 369 386; x_wconf 82' lang='grc'><strong>1111</strong></span> <span class='ocrx_word' id='word_1_3' title='bbox 401 312 1014 406; x_wconf 65' lang='grc'><strong>11911111.1101109.0.11.5.5.</strong></span> <span class='ocrx_word' id='word_1_4' title='bbox 1156 319 1225 396; x_wconf 73' lang='lat' dir='ltr'><strong>idi</strong></span> 
     </span>
    </p>
   </div>
   <div class='ocr_carea' id='block_1_2' title="bbox 100 491 1226 908">
    <p class='ocr_par' dir='ltr' id='par_1_2' title="bbox 100 491 1226 908">
     <span class='ocr_line' id='line_1_2' title="bbox 100 491 1223 591; baseline 0.007 -23"><span class='ocrx_word' id='word_1_5' title='bbox 100 496 232 568; x_wconf 82' lang='lat' dir='ltr'><strong>Sicbcils</strong></span> <span class='ocrx_word' id='word_1_6' title='bbox 253 497 292 566; x_wconf 85' lang='lat' dir='ltr'><strong>ed</strong></span> <span class='ocrx_word' id='word_1_7' title='bbox 305 497 396 566; x_wconf 85' lang='lat' dir='ltr'><strong>Paos.</strong></span> <span class='ocrx_word' id='word_1_8' title='bbox 419 497 457 566; x_wconf 82' lang='lat' dir='ltr'><strong>T.</strong></span> <span class='ocrx_word' id='word_1_9' title='bbox 476 495 516 566; x_wconf 89' lang='grc'><strong>11.</strong></span> <span class='ocrx_word' id='word_1_10' title='bbox 541 499 616 567; x_wconf 79' lang='lat' dir='ltr'><strong>tet.</strong></span> <span class='ocrx_word' id='word_1_11' title='bbox 641 494 786 588; x_wconf 68' lang='lat' dir='ltr'><strong>Notos</strong></span> <span class='ocrx_word' id='word_1_12' title='bbox 808 491 1026 591; x_wconf 75' lang='lat' dir='ltr'><strong>eti&#39;opoo&#39;vp,</strong></span> <span class='ocrx_word' id='word_1_13' title='bbox 1048 506 1223 589; x_wconf 71' lang='lat' dir='ltr'>quibuscum</span> 
     </span>
     <span class='ocr_line' id='line_1_3' title="bbox 102 596 1226 690; baseline 0.002 -15"><span class='ocrx_word' id='word_1_14' title='bbox 102 596 279 690; x_wconf 72' lang='lat' dir='ltr'><strong>Kuoeoiop</strong></span> <span class='ocrx_word' id='word_1_15' title='bbox 300 612 332 667; x_wconf 90' lang='lat' dir='ltr'><strong>et</strong></span> <span class='ocrx_word' id='word_1_16' title='bbox 352 598 539 688; x_wconf 75' lang='lat' dir='ltr'><strong>Kvpeeioec</strong></span> <span class='ocrx_word' id='word_1_17' title='bbox 560 603 638 668; x_wconf 90' lang='lat' dir='ltr'><strong>nodo</strong></span> <span class='ocrx_word' id='word_1_18' title='bbox 659 605 785 689; x_wconf 82' lang='lat' dir='ltr'><strong>quodem</strong></span> <span class='ocrx_word' id='word_1_19' title='bbox 805 605 994 689; x_wconf 73' lang='lat' dir='ltr'><strong>cognationis</strong></span> <span class='ocrx_word' id='word_1_20' title='bbox 1013 609 1163 675; x_wconf 70' lang='lat' dir='ltr'><strong>contineri</strong></span> <span class='ocrx_word' id='word_1_21' title='bbox 1177 614 1226 678; x_wconf 67' lang='lat' dir='ltr'><strong>vt«</strong></span> 
     </span>
     <span class='ocr_line' id='line_1_4' title="bbox 103 703 1226 788; baseline -0.002 -16"><span class='ocrx_word' id='word_1_22' title='bbox 103 709 228 772; x_wconf 87' lang='lat' dir='ltr'><strong>dentur.</strong></span> <span class='ocrx_word' id='word_1_23' title='bbox 275 707 301 770; x_wconf 86' lang='lat' dir='ltr'>E</span> <span class='ocrx_word' id='word_1_24' title='bbox 322 705 499 771; x_wconf 78' lang='lat' dir='ltr'><strong>masculinis</strong></span> <span class='ocrx_word' id='word_1_25' title='bbox 521 703 752 771; x_wconf 83' lang='lat' dir='ltr'><strong>hoereierende</strong></span> <span class='ocrx_word' id='word_1_26' title='bbox 767 717 837 772; x_wconf 89' lang='lat' dir='ltr'><strong>sont</strong></span> <span class='ocrx_word' id='word_1_27' title='bbox 851 707 976 784; x_wconf 80' lang='lat' dir='ltr'><strong>Maces,</strong></span> <span class='ocrx_word' id='word_1_28' title='bbox 999 708 1127 788; x_wconf 79' lang='lat' dir='ltr'><strong>Macae,</strong></span> <span class='ocrx_word' id='word_1_29' title='bbox 1152 705 1226 784; x_wconf 69' lang='grc' dir='ltr'><strong>Σᾰ.</strong></span> 
     </span>
     <span class='ocr_line' id='line_1_5' title="bbox 105 804 1225 908; baseline 0.009 -33"><span class='ocrx_word' id='word_1_30' title='bbox 105 830 165 885; x_wconf 71' lang='lat' dir='ltr'><strong>ecc</strong></span> <span class='ocrx_word' id='word_1_31' title='bbox 186 810 288 896; x_wconf 77' lang='lat' dir='ltr'><strong>Etym.</strong></span> <span class='ocrx_word' id='word_1_32' title='bbox 303 810 346 874; x_wconf 88' lang='grc' dir='ltr'><strong>Μ.</strong></span> <span class='ocrx_word' id='word_1_33' title='bbox 369 804 446 888; x_wconf 79' lang='grc'><strong>797,</strong></span> <span class='ocrx_word' id='word_1_34' title='bbox 469 807 524 874; x_wconf 81' lang='grc'><strong>36.</strong></span> <span class='ocrx_word' id='word_1_35' title='bbox 547 808 663 874; x_wconf 80' lang='lat' dir='ltr'><strong>Aneed.</strong></span> <span class='ocrx_word' id='word_1_36' title='bbox 681 807 783 874; x_wconf 77' lang='lat' dir='ltr'><strong>Crem.</strong></span> <span class='ocrx_word' id='word_1_37' title='bbox 800 808 823 874; x_wconf 91' lang='grc'><strong>1.</strong></span> <span class='ocrx_word' id='word_1_38' title='bbox 848 808 923 876; x_wconf 85' lang='grc'><strong>390.</strong></span> <span class='ocrx_word' id='word_1_39' title='bbox 950 808 1072 894; x_wconf 63' lang='grc' dir='ltr'><strong><em>Σάκαι,</em></strong></span> <span class='ocrx_word' id='word_1_40' title='bbox 1093 812 1225 908; x_wconf 78' lang='lat' dir='ltr'><strong>Bpeiyer</strong></span> 
     </span>
    </p>
   </div>
   <div class='ocr_carea' id='block_1_3' title="bbox 58 905 1224 3882">
    <p class='ocr_par' dir='ltr' id='par_1_3' title="bbox 58 905 1224 3882">
     <span class='ocr_line' id='line_1_6' title="bbox 103 905 1224 1001; baseline 0.008 -23"><span class='ocrx_word' id='word_1_41' title='bbox 103 909 252 1000; x_wconf 80' lang='lat' dir='ltr'><strong>Bpaiyoc,</strong></span> <span class='ocrx_word' id='word_1_42' title='bbox 278 907 423 1000; x_wconf 70' lang='lat' dir='ltr'><strong>dteydec</strong></span> <span class='ocrx_word' id='word_1_43' title='bbox 444 905 600 1001; x_wconf 75' lang='grc' dir='ltr'><strong>Φλεγύαι,</strong></span> <span class='ocrx_word' id='word_1_44' title='bbox 622 910 763 998; x_wconf 81' lang='lat' dir='ltr'><strong>Blemyes</strong></span> <span class='ocrx_word' id='word_1_45' title='bbox 780 912 921 998; x_wconf 87' lang='lat' dir='ltr'><strong>Blemyae</strong></span> <span class='ocrx_word' id='word_1_46' title='bbox 943 935 975 978; x_wconf 86' lang='lat' dir='ltr'><strong>v.</strong></span> <span class='ocrx_word' id='word_1_47' title='bbox 995 914 1165 984; x_wconf 79' lang='lat' dir='ltr'><strong>Teschuclt.</strong></span> <span class='ocrx_word' id='word_1_48' title='bbox 1186 923 1224 986; x_wconf 84' lang='lat' dir='ltr'><strong>ed</strong></span> 
     </span>
     <span class='ocr_line' id='line_1_7' title="bbox 103 1006 1222 1101; baseline 0.007 -21"><span class='ocrx_word' id='word_1_49' title='bbox 103 1011 179 1080; x_wconf 82' lang='lat' dir='ltr'><strong>ttet.</strong></span> <span class='ocrx_word' id='word_1_50' title='bbox 198 1013 269 1079; x_wconf 87' lang='lat' dir='ltr'><strong>Vol.</strong></span> <span class='ocrx_word' id='word_1_51' title='bbox 288 1014 325 1079; x_wconf 91' lang='grc'><strong>11.</strong></span> <span class='ocrx_word' id='word_1_52' title='bbox 345 1016 378 1078; x_wconf 87' lang='grc' dir='ltr'><strong>Ρ.</strong></span> <span class='ocrx_word' id='word_1_53' title='bbox 397 1010 422 1079; x_wconf 89' lang='grc'><strong>1.</strong></span> <span class='ocrx_word' id='word_1_54' title='bbox 448 1013 521 1080; x_wconf 76' lang='grc'><strong>192.</strong></span> <span class='ocrx_word' id='word_1_55' title='bbox 544 1006 682 1089; x_wconf 59' lang='grc' dir='ltr'><strong>Σκύθεα</strong></span> <span class='ocrx_word' id='word_1_56' title='bbox 697 1015 813 1080; x_wconf 84' lang='lat' dir='ltr'><strong>Chrou.</strong></span> <span class='ocrx_word' id='word_1_57' title='bbox 829 1015 935 1080; x_wconf 84' lang='lat' dir='ltr'><strong>Pascit.</strong></span> <span class='ocrx_word' id='word_1_58' title='bbox 951 1035 981 1101; x_wconf 84' lang='lat' dir='ltr'><strong>p.</strong></span> <span class='ocrx_word' id='word_1_59' title='bbox 998 1016 1051 1082; x_wconf 82' lang='lat'><strong>57.</strong></span> <span class='ocrx_word' id='word_1_60' title='bbox 1068 1022 1115 1085; x_wconf 93' lang='lat' dir='ltr'><strong>ed.</strong></span> <span class='ocrx_word' id='word_1_61' title='bbox 1132 1019 1222 1088; x_wconf 81' lang='lat' dir='ltr'><strong>Nico.</strong></span> 
     </span>
     <span class='ocr_line' id='line_1_8' title="bbox 103 1109 1223 1207; baseline 0.004 -21"><span class='ocrx_word' id='word_1_62' title='bbox 103 1119 231 1197; x_wconf 78' lang='grc' dir='ltr'><strong><em>Εἴλως,</em></strong></span> <span class='ocrx_word' id='word_1_63' title='bbox 252 1109 419 1205; x_wconf 74' lang='grc' dir='ltr'><strong>Εἱλῶτης.</strong></span> <span class='ocrx_word' id='word_1_64' title='bbox 464 1119 560 1204; x_wconf 85' lang='lat' dir='ltr'><strong>iiujns</strong></span> <span class='ocrx_word' id='word_1_65' title='bbox 582 1128 684 1182; x_wconf 90' lang='lat' dir='ltr'><strong>autem</strong></span> <span class='ocrx_word' id='word_1_66' title='bbox 706 1127 808 1182; x_wconf 81' lang='lat' dir='ltr'><strong>tautae</strong></span> <span class='ocrx_word' id='word_1_67' title='bbox 825 1117 1030 1203; x_wconf 85' lang='lat' dir='ltr'><strong>exemplorum</strong></span> <span class='ocrx_word' id='word_1_68' title='bbox 1047 1124 1223 1207; x_wconf 83' lang='lat' dir='ltr'><strong>copiaenon</strong></span> 
     </span>
     <span class='ocr_line' id='line_1_9' title="bbox 104 1221 1224 1308; baseline 0.007 -23"><span class='ocrx_word' id='word_1_69' title='bbox 104 1222 284 1308; x_wconf 85' lang='lat' dir='ltr'><strong>poenitebit,</strong></span> <span class='ocrx_word' id='word_1_70' title='bbox 301 1221 420 1306; x_wconf 78' lang='lat' dir='ltr'><strong>opinor,</strong></span> <span class='ocrx_word' id='word_1_71' title='bbox 438 1221 583 1299; x_wconf 84' lang='lat' dir='ltr'><strong>lectoren,</strong></span> <span class='ocrx_word' id='word_1_72' title='bbox 603 1221 655 1285; x_wconf 85' lang='lat' dir='ltr'><strong>oti</strong></span> <span class='ocrx_word' id='word_1_73' title='bbox 672 1221 877 1297; x_wconf 75' lang='lat' dir='ltr'><strong>meminerint,</strong></span> <span class='ocrx_word' id='word_1_74' title='bbox 902 1223 1047 1290; x_wconf 81' lang='lat' dir='ltr'><strong>nonnulle</strong></span> <span class='ocrx_word' id='word_1_75' title='bbox 1063 1237 1116 1290; x_wconf 89' lang='lat' dir='ltr'><strong>eut</strong></span> <span class='ocrx_word' id='word_1_76' title='bbox 1128 1227 1224 1294; x_wconf 87' lang='lat' dir='ltr'><strong>semei</strong></span> 
     </span>
     <span class='ocr_line' id='line_1_10' title="bbox 102 1312 1224 1408; baseline 0.008 -20"><span class='ocrx_word' id='word_1_77' title='bbox 102 1312 224 1389; x_wconf 73' lang='lat' dir='ltr'><strong>motum</strong></span> <span class='ocrx_word' id='word_1_78' title='bbox 243 1334 296 1388; x_wconf 88' lang='lat' dir='ltr'><strong>out</strong></span> <span class='ocrx_word' id='word_1_79' title='bbox 316 1339 459 1408; x_wconf 75' lang='lat' dir='ltr'><strong>perquam</strong></span> <span class='ocrx_word' id='word_1_80' title='bbox 481 1342 552 1387; x_wconf 84' lang='lat' dir='ltr'><strong>roro</strong></span> <span class='ocrx_word' id='word_1_81' title='bbox 573 1334 627 1388; x_wconf 86' lang='lat' dir='ltr'><strong>eut</strong></span> <span class='ocrx_word' id='word_1_82' title='bbox 648 1324 724 1408; x_wconf 91' lang='lat' dir='ltr'><strong>apud</strong></span> <span class='ocrx_word' id='word_1_83' title='bbox 745 1323 908 1408; x_wconf 84' lang='lat' dir='ltr'><strong>scriptores</strong></span> <span class='ocrx_word' id='word_1_84' title='bbox 927 1325 1023 1390; x_wconf 88' lang='lat' dir='ltr'><strong>intimi</strong></span> <span class='ocrx_word' id='word_1_85' title='bbox 1042 1328 1156 1394; x_wconf 88' lang='lat' dir='ltr'><strong>ordinis</strong></span> <span class='ocrx_word' id='word_1_86' title='bbox 1171 1349 1224 1397; x_wconf 83' lang='lat' dir='ltr'><strong>re·</strong></span> 
     </span>
     <span class='ocr_line' id='line_1_11' title="bbox 100 1425 1223 1518; baseline 0.005 -25"><span class='ocrx_word' id='word_1_87' title='bbox 100 1428 209 1514; x_wconf 84' lang='lat' dir='ltr'><strong>periri,</strong></span> <span class='ocrx_word' id='word_1_88' title='bbox 239 1427 283 1491; x_wconf 88' lang='lat' dir='ltr'><strong>sic</strong></span> <span class='ocrx_word' id='word_1_89' title='bbox 305 1437 340 1490; x_wconf 91' lang='lat' dir='ltr'><strong>ut</strong></span> <span class='ocrx_word' id='word_1_90' title='bbox 361 1428 443 1490; x_wconf 87' lang='lat' dir='ltr'><strong>dieto</strong></span> <span class='ocrx_word' id='word_1_91' title='bbox 465 1425 584 1491; x_wconf 82' lang='lat' dir='ltr'><strong>difficile</strong></span> <span class='ocrx_word' id='word_1_92' title='bbox 605 1428 658 1503; x_wconf 84' lang='lat' dir='ltr'><strong>sit,</strong></span> <span class='ocrx_word' id='word_1_93' title='bbox 689 1426 760 1510; x_wconf 86' lang='lat' dir='ltr'><strong>quid</strong></span> <span class='ocrx_word' id='word_1_94' title='bbox 782 1426 897 1490; x_wconf 84' lang='lat' dir='ltr'><strong>librarii</strong></span> <span class='ocrx_word' id='word_1_95' title='bbox 920 1430 1123 1514; x_wconf 84' lang='lat' dir='ltr'><strong>corruperint,</strong></span> <span class='ocrx_word' id='word_1_96' title='bbox 1152 1433 1223 1518; x_wconf 82' lang='lat' dir='ltr'><strong>quid</strong></span> 
     </span>
     <span class='ocr_line' id='line_1_12' title="bbox 102 1527 1219 1614; baseline 0.004 -18"><span class='ocrx_word' id='word_1_97' title='bbox 102 1529 260 1598; x_wconf 68' lang='lat' dir='ltr'><strong>monades</strong></span> <span class='ocrx_word' id='word_1_98' title='bbox 281 1529 456 1606; x_wconf 81' lang='lat' dir='ltr'><strong>invexerit,</strong></span> <span class='ocrx_word' id='word_1_99' title='bbox 487 1529 556 1614; x_wconf 80' lang='lat' dir='ltr'><strong>quid</strong></span> <span class='ocrx_word' id='word_1_100' title='bbox 586 1528 769 1614; x_wconf 73' lang='lat' dir='ltr'><strong>proprietate</strong></span> <span class='ocrx_word' id='word_1_101' title='bbox 791 1527 1020 1613; x_wconf 74' lang='lat' dir='ltr'><strong>significationis</strong></span> <span class='ocrx_word' id='word_1_102' title='bbox 1042 1547 1219 1601; x_wconf 77' lang='lat' dir='ltr'><strong>excusetur.</strong></span> 
     </span>
     <span class='ocr_line' id='line_1_13' title="bbox 101 1630 1223 1718; baseline 0.005 -20"><span class='ocrx_word' id='word_1_103' title='bbox 101 1633 226 1698; x_wconf 83' lang='lat' dir='ltr'><strong>Etenim</strong></span> <span class='ocrx_word' id='word_1_104' title='bbox 248 1641 311 1696; x_wconf 85' lang='lat' dir='ltr'><strong>tota</strong></span> <span class='ocrx_word' id='word_1_105' title='bbox 334 1630 409 1696; x_wconf 88' lang='lat' dir='ltr'><strong>heco</strong></span> <span class='ocrx_word' id='word_1_106' title='bbox 430 1632 567 1716; x_wconf 77' lang='lat' dir='ltr'><strong>qaeestio</strong></span> <span class='ocrx_word' id='word_1_107' title='bbox 588 1643 636 1696; x_wconf 85' lang='lat' dir='ltr'><strong>est</strong></span> <span class='ocrx_word' id='word_1_108' title='bbox 657 1631 694 1694; x_wconf 92' lang='lat' dir='ltr'><strong>de</strong></span> <span class='ocrx_word' id='word_1_109' title='bbox 717 1630 900 1710; x_wconf 85' lang='lat' dir='ltr'><strong>nominibus,</strong></span> <span class='ocrx_word' id='word_1_110' title='bbox 927 1649 1003 1718; x_wconf 80' lang='lat' dir='ltr'><strong>quae</strong></span> <span class='ocrx_word' id='word_1_111' title='bbox 1025 1645 1138 1701; x_wconf 62' lang='lat' dir='ltr'><strong>munta</strong></span> <span class='ocrx_word' id='word_1_112' title='bbox 1159 1648 1223 1704; x_wconf 84' lang='lat' dir='ltr'><strong>ter·</strong></span> 
     </span>
     <span class='ocr_line' id='line_1_14' title="bbox 103 1727 1221 1824; baseline 0.006 -23"><span class='ocrx_word' id='word_1_113' title='bbox 103 1735 272 1801; x_wconf 75' lang='lat' dir='ltr'><strong>minatione</strong></span> <span class='ocrx_word' id='word_1_114' title='bbox 301 1733 552 1820; x_wconf 74' lang='lat' dir='ltr'><strong>significationem</strong></span> <span class='ocrx_word' id='word_1_115' title='bbox 580 1755 642 1798; x_wconf 92' lang='lat' dir='ltr'><strong>non</strong></span> <span class='ocrx_word' id='word_1_116' title='bbox 672 1744 807 1808; x_wconf 90' lang='lat' dir='ltr'><strong>mutent,</strong></span> <span class='ocrx_word' id='word_1_117' title='bbox 846 1742 880 1797; x_wconf 89' lang='lat' dir='ltr'><strong>ut</strong></span> <span class='ocrx_word' id='word_1_118' title='bbox 906 1727 1031 1821; x_wconf 74' lang='grc' dir='ltr'><strong><em>φύλαξ,</em></strong></span> <span class='ocrx_word' id='word_1_119' title='bbox 1060 1729 1221 1824; x_wconf 74' lang='grc' dir='ltr'><strong><em>φύλακος,</em></strong></span> 
     </span>
     <span class='ocr_line' id='line_1_15' title="bbox 100 1831 1222 1925; baseline 0.004 -21"><span class='ocrx_word' id='word_1_120' title='bbox 100 1832 286 1925; x_wconf 71' lang='grc' dir='ltr'><strong>Δημήτηρ,</strong></span> <span class='ocrx_word' id='word_1_121' title='bbox 315 1831 501 1924; x_wconf 78' lang='grc' dir='ltr'><strong>Δήμητρα,</strong></span> <span class='ocrx_word' id='word_1_122' title='bbox 532 1836 638 1922; x_wconf 85' lang='lat' dir='ltr'><strong>quibus</strong></span> <span class='ocrx_word' id='word_1_123' title='bbox 661 1855 772 1900; x_wconf 89' lang='lat' dir='ltr'><strong>nomen</strong></span> <span class='ocrx_word' id='word_1_124' title='bbox 802 1834 962 1900; x_wconf 86' lang='lat' dir='ltr'><strong>indidimus</strong></span> <span class='ocrx_word' id='word_1_125' title='bbox 990 1840 1222 1921; x_wconf 76' lang='lat' dir='ltr'><strong>paraschemeti·</strong></span> 
     </span>
     <span class='ocr_line' id='line_1_16' title="bbox 100 1919 1220 2028; baseline 0.004 -23"><span class='ocrx_word' id='word_1_126' title='bbox 100 1953 231 2006; x_wconf 80' lang='lat' dir='ltr'><strong>storum</strong></span> <span class='ocrx_word' id='word_1_127' title='bbox 275 1940 322 2004; x_wconf 83' lang='lat' dir='ltr'><strong>At</strong></span> <span class='ocrx_word' id='word_1_128' title='bbox 344 1941 488 2005; x_wconf 82' lang='lat' dir='ltr'><strong>hisvero</strong></span> <span class='ocrx_word' id='word_1_129' title='bbox 510 1940 670 2026; x_wconf 83' lang='lat' dir='ltr'><strong>plurimum</strong></span> <span class='ocrx_word' id='word_1_130' title='bbox 693 1919 913 2012; x_wconf 73' lang='lat' dir='ltr'><strong>differuntca,</strong></span> <span class='ocrx_word' id='word_1_131' title='bbox 947 1957 1072 2022; x_wconf 76' lang='lat' dir='ltr'><strong>quornm</strong></span> <span class='ocrx_word' id='word_1_132' title='bbox 1103 1945 1220 2028; x_wconf 86' lang='lat' dir='ltr'><strong>species</strong></span> 
     </span>
     <span class='ocr_line' id='line_1_17' title="bbox 100 2032 1221 2138; baseline -0.002 -29"><span class='ocrx_word' id='word_1_133' title='bbox 100 2044 163 2109; x_wconf 86' lang='lat' dir='ltr'><strong>alia</strong></span> <span class='ocrx_word' id='word_1_134' title='bbox 189 2043 270 2107; x_wconf 74' lang='lat' dir='ltr'><strong>aiod</strong></span> <span class='ocrx_word' id='word_1_135' title='bbox 296 2042 446 2119; x_wconf 83' lang='lat' dir='ltr'><strong>declarat,</strong></span> <span class='ocrx_word' id='word_1_136' title='bbox 479 2049 515 2109; x_wconf 91' lang='lat' dir='ltr'><strong>ut</strong></span> <span class='ocrx_word' id='word_1_137' title='bbox 543 2039 670 2130; x_wconf 74' lang='grc' dir='ltr'><strong><em>φύλαξ,</em></strong></span> <span class='ocrx_word' id='word_1_138' title='bbox 703 2032 857 2128; x_wconf 77' lang='grc' dir='ltr'><strong><em>φυλακή,</em></strong></span> <span class='ocrx_word' id='word_1_139' title='bbox 872 2033 1048 2138; x_wconf 59' lang='grc' dir='ltr'><strong>φύλακος,</strong></span> <span class='ocrx_word' id='word_1_140' title='bbox 1072 2041 1221 2134; x_wconf 69' lang='grc' dir='ltr'><strong><em>Φυλάκῃ,</em></strong></span> 
     </span>
     <span class='ocr_line' id='line_1_18' title="bbox 103 2137 1219 2235; baseline -0.001 -22"><span class='ocrx_word' id='word_1_141' title='bbox 103 2139 213 2234; x_wconf 78' lang='grc' dir='ltr'><strong><em>σφήξ,</em></strong></span> <span class='ocrx_word' id='word_1_142' title='bbox 236 2137 373 2232; x_wconf 78' lang='grc' dir='ltr'><strong><em>σφηκός,</em></strong></span> <span class='ocrx_word' id='word_1_143' title='bbox 394 2143 479 2234; x_wconf 71' lang='grc' dir='ltr'><strong>γύψ,</strong></span> <span class='ocrx_word' id='word_1_144' title='bbox 498 2140 603 2235; x_wconf 76' lang='lat' dir='ltr'><strong>yeiseop.</strong></span> <span class='ocrx_word' id='word_1_145' title='bbox 647 2145 729 2210; x_wconf 85' lang='lat' dir='ltr'><strong>liaeo</strong></span> <span class='ocrx_word' id='word_1_146' title='bbox 758 2145 839 2208; x_wconf 88' lang='lat' dir='ltr'><strong>enim</strong></span> <span class='ocrx_word' id='word_1_147' title='bbox 866 2145 1032 2209; x_wconf 78' lang='lat' dir='ltr'><strong>necessitas</strong></span> <span class='ocrx_word' id='word_1_148' title='bbox 1054 2150 1219 2234; x_wconf 82' lang='lat' dir='ltr'><strong>expressit,</strong></span> 
     </span>
     <span class='ocr_line' id='line_1_19' title="bbox 100 2245 1220 2335; baseline 0.003 -21"><span class='ocrx_word' id='word_1_149' title='bbox 100 2250 157 2315; x_wconf 80' lang='lat' dir='ltr'><strong>iiia</strong></span> <span class='ocrx_word' id='word_1_150' title='bbox 178 2249 397 2314; x_wconf 81' lang='lat' dir='ltr'><strong>commoditatis</strong></span> <span class='ocrx_word' id='word_1_151' title='bbox 421 2271 511 2313; x_wconf 85' lang='lat' dir='ltr'><strong>causo</strong></span> <span class='ocrx_word' id='word_1_152' title='bbox 533 2262 653 2335; x_wconf 89' lang='lat' dir='ltr'><strong>reperta</strong></span> <span class='ocrx_word' id='word_1_153' title='bbox 675 2258 748 2314; x_wconf 92' lang='lat' dir='ltr'><strong>suut</strong></span> <span class='ocrx_word' id='word_1_154' title='bbox 762 2259 794 2314; x_wconf 90' lang='lat' dir='ltr'><strong>et</strong></span> <span class='ocrx_word' id='word_1_155' title='bbox 807 2245 990 2312; x_wconf 79' lang='lat' dir='ltr'><strong>vocalitatis.</strong></span> <span class='ocrx_word' id='word_1_156' title='bbox 1036 2247 1102 2313; x_wconf 93' lang='lat' dir='ltr'><strong>Utri</strong></span> <span class='ocrx_word' id='word_1_157' title='bbox 1119 2261 1220 2316; x_wconf 73' lang='lat' dir='ltr'><strong>autem</strong></span> 
     </span>
     <span class='ocr_line' id='line_1_20' title="bbox 58 2350 1222 2441; baseline 0.003 -23"><span class='ocrx_word' id='word_1_158' title='bbox 58 2388 63 2395; x_wconf 92' lang='lat'>·</span> <span class='ocrx_word' id='word_1_159' title='bbox 103 2372 234 2419; x_wconf 91' lang='lat' dir='ltr'><strong>numero</strong></span> <span class='ocrx_word' id='word_1_160' title='bbox 255 2353 484 2438; x_wconf 83' lang='lat' dir='ltr'><strong>unumquodque</strong></span> <span class='ocrx_word' id='word_1_161' title='bbox 506 2352 734 2418; x_wconf 77' lang='lat' dir='ltr'><strong>adscribendum</strong></span> <span class='ocrx_word' id='word_1_162' title='bbox 756 2351 816 2429; x_wconf 90' lang='lat' dir='ltr'><strong>sit,</strong></span> <span class='ocrx_word' id='word_1_163' title='bbox 847 2361 912 2415; x_wconf 88' lang='lat' dir='ltr'><strong>tum</strong></span> <span class='ocrx_word' id='word_1_164' title='bbox 935 2352 1052 2417; x_wconf 87' lang='lat' dir='ltr'><strong>demum</strong></span> <span class='ocrx_word' id='word_1_165' title='bbox 1075 2350 1147 2419; x_wconf 87' lang='lat' dir='ltr'><strong>seiri</strong></span> <span class='ocrx_word' id='word_1_166' title='bbox 1168 2376 1222 2441; x_wconf 90' lang='lat' dir='ltr'><strong>po·</strong></span> 
     </span>
     <span class='ocr_line' id='line_1_21' title="bbox 99 2454 1222 2542; baseline 0.001 -21"><span class='ocrx_word' id='word_1_167' title='bbox 99 2456 188 2531; x_wconf 85' lang='lat' dir='ltr'><strong>terit,</strong></span> <span class='ocrx_word' id='word_1_168' title='bbox 214 2455 242 2519; x_wconf 89' lang='lat' dir='ltr'><strong>si</strong></span> <span class='ocrx_word' id='word_1_169' title='bbox 265 2457 410 2541; x_wconf 87' lang='lat' dir='ltr'><strong>cujusque</strong></span> <span class='ocrx_word' id='word_1_170' title='bbox 429 2456 610 2542; x_wconf 79' lang='lat' dir='ltr'><strong>significatio</strong></span> <span class='ocrx_word' id='word_1_171' title='bbox 630 2456 756 2521; x_wconf 81' lang='lat' dir='ltr'><strong>inventa</strong></span> <span class='ocrx_word' id='word_1_172' title='bbox 778 2454 839 2518; x_wconf 91' lang='lat' dir='ltr'><strong>erit</strong></span> <span class='ocrx_word' id='word_1_173' title='bbox 858 2474 933 2519; x_wconf 79' lang='lat' dir='ltr'><strong>vera</strong></span> <span class='ocrx_word' id='word_1_174' title='bbox 948 2464 979 2519; x_wconf 92' lang='lat' dir='ltr'><strong>et</strong></span> <span class='ocrx_word' id='word_1_175' title='bbox 993 2456 1123 2542; x_wconf 81' lang='lat' dir='ltr'><strong>propria.</strong></span> <span class='ocrx_word' id='word_1_176' title='bbox 1162 2456 1222 2523; x_wconf 91' lang='lat' dir='ltr'><strong>Sed</strong></span> 
     </span>
     <span class='ocr_line' id='line_1_22' title="bbox 100 2526 1223 2645; baseline 0.005 -22"><span class='ocrx_word' id='word_1_177' title='bbox 100 2559 136 2623; x_wconf 90' lang='lat' dir='ltr'><strong>in</strong></span> <span class='ocrx_word' id='word_1_178' title='bbox 166 2558 224 2622; x_wconf 83' lang='lat' dir='ltr'><strong>hoc</strong></span> <span class='ocrx_word' id='word_1_179' title='bbox 253 2557 452 2624; x_wconf 90' lang='lat' dir='ltr'><strong>vehementer</strong></span> <span class='ocrx_word' id='word_1_180' title='bbox 478 2526 666 2626; x_wconf 83' lang='lat' dir='ltr'><strong>vaciliomus.</strong></span> <span class='ocrx_word' id='word_1_181' title='bbox 711 2558 791 2622; x_wconf 86' lang='lat' dir='ltr'><strong>Num</strong></span> <span class='ocrx_word' id='word_1_182' title='bbox 819 2556 951 2641; x_wconf 83' lang='lat' dir='ltr'><strong>exempli</strong></span> <span class='ocrx_word' id='word_1_183' title='bbox 974 2577 1065 2623; x_wconf 89' lang='lat' dir='ltr'><strong>cansa</strong></span> <span class='ocrx_word' id='word_1_184' title='bbox 1087 2552 1223 2645; x_wconf 66' lang='grc' dir='ltr'><strong><em>Πρῶνα</em></strong></span> 
     </span>
     <span class='ocr_line' id='line_1_23' title="bbox 101 2658 1221 2750; baseline 0.003 -24"><span class='ocrx_word' id='word_1_185' title='bbox 101 2661 187 2726; x_wconf 78' lang='lat' dir='ltr'><strong>mitis</strong></span> <span class='ocrx_word' id='word_1_186' title='bbox 212 2658 350 2727; x_wconf 85' lang='lat' dir='ltr'><strong>Creticae</strong></span> <span class='ocrx_word' id='word_1_187' title='bbox 383 2681 494 2726; x_wconf 90' lang='lat' dir='ltr'><strong>nomen</strong></span> <span class='ocrx_word' id='word_1_188' title='bbox 522 2662 636 2727; x_wconf 81' lang='lat' dir='ltr'><strong>Zonam</strong></span> <span class='ocrx_word' id='word_1_189' title='bbox 660 2681 690 2745; x_wconf 90' lang='lat' dir='ltr'><strong>p.</strong></span> <span class='ocrx_word' id='word_1_190' title='bbox 716 2658 811 2725; x_wconf 76' lang='lat'><strong>1581.</strong></span> <span class='ocrx_word' id='word_1_191' title='bbox 842 2660 921 2723; x_wconf 88' lang='lat' dir='ltr'><strong>idem</strong></span> <span class='ocrx_word' id='word_1_192' title='bbox 943 2663 1089 2745; x_wconf 88' lang='lat' dir='ltr'><strong>estquod</strong></span> <span class='ocrx_word' id='word_1_193' title='bbox 1111 2658 1221 2750; x_wconf 69' lang='lat' dir='ltr'><strong>Hecto</strong></span> 
     </span>
     <span class='ocr_line' id='line_1_24' title="bbox 101 2760 1221 2851; baseline 0.001 -21"><span class='ocrx_word' id='word_1_194' title='bbox 101 2782 136 2830; x_wconf 79' lang='lat' dir='ltr'><strong>r.</strong></span> <span class='ocrx_word' id='word_1_195' title='bbox 163 2762 244 2828; x_wconf 81' lang='grc'><strong>(1.1.</strong></span> <span class='ocrx_word' id='word_1_196' title='bbox 267 2764 296 2848; x_wconf 67' lang='lat'><strong>5.</strong></span> <span class='ocrx_word' id='word_1_197' title='bbox 316 2764 347 2829; x_wconf 88' lang='lat'><strong>1.</strong></span> <span class='ocrx_word' id='word_1_198' title='bbox 372 2785 411 2829; x_wconf 88' lang='lat' dir='ltr'><strong>an</strong></span> <span class='ocrx_word' id='word_1_199' title='bbox 433 2766 580 2851; x_wconf 80' lang='lat' dir='ltr'><strong>adjective</strong></span> <span class='ocrx_word' id='word_1_200' title='bbox 602 2763 753 2849; x_wconf 73' lang='lat' dir='ltr'><strong>significat</strong></span> <span class='ocrx_word' id='word_1_201' title='bbox 776 2760 950 2827; x_wconf 74' lang='lat' dir='ltr'><strong>Gothicam?</strong></span> <span class='ocrx_word' id='word_1_202' title='bbox 991 2760 1136 2849; x_wconf 81' lang='lat' dir='ltr'><strong>Equidem</strong></span> <span class='ocrx_word' id='word_1_203' title='bbox 1158 2786 1221 2831; x_wconf 93' lang='lat' dir='ltr'><strong>non</strong></span> 
     </span>
     <span class='ocr_line' id='line_1_25' title="bbox 94 2864 1218 2955; baseline -0.001 -22"><span class='ocrx_word' id='word_1_204' title='bbox 94 2866 224 2953; x_wconf 77' lang='lat' dir='ltr'><strong>&#39;reperio</strong></span> <span class='ocrx_word' id='word_1_205' title='bbox 247 2868 296 2951; x_wconf 86' lang='lat' dir='ltr'><strong>qui</strong></span> <span class='ocrx_word' id='word_1_206' title='bbox 318 2868 425 2953; x_wconf 85' lang='lat' dir='ltr'><strong>eapitis</strong></span> <span class='ocrx_word' id='word_1_207' title='bbox 445 2867 639 2953; x_wconf 80' lang='lat' dir='ltr'><strong>vertiginem,</strong></span> <span class='ocrx_word' id='word_1_208' title='bbox 662 2886 749 2950; x_wconf 83' lang='lat' dir='ltr'><strong>quam</strong></span> <span class='ocrx_word' id='word_1_209' title='bbox 774 2864 902 2953; x_wconf 72' lang='grc' dir='ltr'><em>ἴλιγγον</em></span> <span class='ocrx_word' id='word_1_210' title='bbox 926 2866 1026 2931; x_wconf 89' lang='lat' dir='ltr'><strong>dicere</strong></span> <span class='ocrx_word' id='word_1_211' title='bbox 1049 2867 1218 2955; x_wconf 57' lang='lat' dir='ltr'><strong>colente),</strong></span> 
     </span>
     <span class='ocr_line' id='line_1_26' title="bbox 100 2968 1222 3058; baseline -0.001 -21"><span class='ocrx_word' id='word_1_212' title='bbox 100 2968 236 3058; x_wconf 72' lang='grc' dir='ltr'><strong>ἰλίγγην</strong></span> <span class='ocrx_word' id='word_1_213' title='bbox 264 2970 438 3048; x_wconf 79' lang='lat' dir='ltr'><strong>vocaverit,</strong></span> <span class='ocrx_word' id='word_1_214' title='bbox 475 2990 535 3055; x_wconf 80' lang='lat' dir='ltr'><strong>qno</strong></span> <span class='ocrx_word' id='word_1_215' title='bbox 563 2969 686 3033; x_wconf 88' lang='lat' dir='ltr'><strong>nomine</strong></span> <span class='ocrx_word' id='word_1_216' title='bbox 716 2969 848 3033; x_wconf 86' lang='lat' dir='ltr'><strong>vortices</strong></span> <span class='ocrx_word' id='word_1_217' title='bbox 876 2985 1021 3053; x_wconf 83' lang='lat' dir='ltr'><strong>uquarum</strong></span> <span class='ocrx_word' id='word_1_218' title='bbox 1049 2971 1222 3055; x_wconf 75' lang='lat' dir='ltr'><strong>significant</strong></span> 
     </span>
     <span class='ocr_line' id='line_1_27' title="bbox 101 3066 1221 3158; baseline 0 -20"><span class='ocrx_word' id='word_1_219' title='bbox 101 3072 192 3138; x_wconf 87' lang='lat' dir='ltr'><strong>Diod.</strong></span> <span class='ocrx_word' id='word_1_220' title='bbox 210 3071 308 3137; x_wconf 88' lang='lat' dir='ltr'><strong>XVII.</strong></span> <span class='ocrx_word' id='word_1_221' title='bbox 325 3071 379 3138; x_wconf 89' lang='grc'><strong>97.</strong></span> <span class='ocrx_word' id='word_1_222' title='bbox 397 3072 505 3137; x_wconf 87' lang='lat' dir='ltr'><strong>Galen.</strong></span> <span class='ocrx_word' id='word_1_223' title='bbox 524 3075 561 3137; x_wconf 92' lang='lat' dir='ltr'><strong>de</strong></span> <span class='ocrx_word' id='word_1_224' title='bbox 575 3072 627 3139; x_wconf 84' lang='lat' dir='ltr'><strong>Us.</strong></span> <span class='ocrx_word' id='word_1_225' title='bbox 637 3072 722 3136; x_wconf 85' lang='lat' dir='ltr'><strong>Part.</strong></span> <span class='ocrx_word' id='word_1_226' title='bbox 735 3070 801 3136; x_wconf 84' lang='lat' dir='ltr'><strong>vtt.</strong></span> <span class='ocrx_word' id='word_1_227' title='bbox 820 3070 873 3148; x_wconf 85' lang='lat'><strong>13,</strong></span> <span class='ocrx_word' id='word_1_228' title='bbox 892 3070 967 3135; x_wconf 78' lang='grc'><strong>565.</strong></span> <span class='ocrx_word' id='word_1_229' title='bbox 984 3072 1019 3136; x_wconf 87' lang='grc' dir='ltr'><strong>Τ.</strong></span> <span class='ocrx_word' id='word_1_230' title='bbox 1032 3066 1085 3134; x_wconf 93' lang='grc'><strong>111.</strong></span> <span class='ocrx_word' id='word_1_231' title='bbox 1114 3072 1221 3158; x_wconf 82' lang='lat' dir='ltr'><strong>Neque</strong></span> 
     </span>
     <span class='ocr_line' id='line_1_28' title="bbox 102 3172 1220 3261; baseline 0 -20"><span class='ocrx_word' id='word_1_232' title='bbox 102 3176 166 3241; x_wconf 88' lang='lat' dir='ltr'><strong>cito</strong></span> <span class='ocrx_word' id='word_1_233' title='bbox 190 3174 335 3252; x_wconf 72' lang='lat' dir='ltr'><strong>dixedm,</strong></span> <span class='ocrx_word' id='word_1_234' title='bbox 362 3194 521 3261; x_wconf 85' lang='lat' dir='ltr'><strong>semperne</strong></span> <span class='ocrx_word' id='word_1_235' title='bbox 542 3176 650 3261; x_wconf 82' lang='lat' dir='ltr'><strong>ubique</strong></span> <span class='ocrx_word' id='word_1_236' title='bbox 673 3174 739 3251; x_wconf 71' lang='lat' dir='ltr'><strong>tte</strong></span> <span class='ocrx_word' id='word_1_237' title='bbox 761 3184 793 3239; x_wconf 90' lang='lat' dir='ltr'><strong>et</strong></span> <span class='ocrx_word' id='word_1_238' title='bbox 814 3172 905 3259; x_wconf 77' lang='lat' dir='ltr'><strong>ttissp</strong></span> <span class='ocrx_word' id='word_1_239' title='bbox 927 3174 1009 3238; x_wconf 90' lang='lat' dir='ltr'><strong>inter</strong></span> <span class='ocrx_word' id='word_1_240' title='bbox 1029 3192 1063 3238; x_wconf 90' lang='lat' dir='ltr'><strong>se</strong></span> <span class='ocrx_word' id='word_1_241' title='bbox 1086 3194 1220 3241; x_wconf 67' lang='lat' dir='ltr'><strong>commus</strong></span> 
     </span>
     <span class='ocr_line' id='line_1_29' title="bbox 101 3276 1218 3364; baseline 0.001 -22"><span class='ocrx_word' id='word_1_242' title='bbox 101 3278 164 3342; x_wconf 82' lang='lat' dir='ltr'><strong>tari</strong></span> <span class='ocrx_word' id='word_1_243' title='bbox 185 3278 322 3363; x_wconf 78' lang='lat' dir='ltr'><strong>possint3</strong></span> <span class='ocrx_word' id='word_1_244' title='bbox 356 3300 425 3353; x_wconf 90' lang='lat' dir='ltr'><strong>nee,</strong></span> <span class='ocrx_word' id='word_1_245' title='bbox 449 3279 476 3343; x_wconf 87' lang='lat' dir='ltr'><strong>si</strong></span> <span class='ocrx_word' id='word_1_246' title='bbox 498 3277 564 3364; x_wconf 85' lang='lat' dir='ltr'><strong>quis</strong></span> <span class='ocrx_word' id='word_1_247' title='bbox 585 3298 679 3341; x_wconf 89' lang='lat' dir='ltr'><strong>uuum</strong></span> <span class='ocrx_word' id='word_1_248' title='bbox 699 3276 869 3341; x_wconf 84' lang='lat' dir='ltr'><strong>alterumve</strong></span> <span class='ocrx_word' id='word_1_249' title='bbox 885 3278 1022 3341; x_wconf 81' lang='lat' dir='ltr'><strong>attulerit</strong></span> <span class='ocrx_word' id='word_1_250' title='bbox 1034 3278 1218 3363; x_wconf 79' lang='lat' dir='ltr'><strong>exemplum,</strong></span> 
     </span>
     <span class='ocr_line' id='line_1_30' title="bbox 101 3376 1220 3467; baseline 0.004 -24"><span class='ocrx_word' id='word_1_251' title='bbox 101 3380 258 3445; x_wconf 70' lang='lat' dir='ltr'><strong>dotdnndi</strong></span> <span class='ocrx_word' id='word_1_252' title='bbox 281 3392 312 3445; x_wconf 88' lang='lat' dir='ltr'><strong>et</strong></span> <span class='ocrx_word' id='word_1_253' title='bbox 333 3382 554 3467; x_wconf 82' lang='lat' dir='ltr'><strong>tergiversandi</strong></span> <span class='ocrx_word' id='word_1_254' title='bbox 576 3400 666 3446; x_wconf 83' lang='lat' dir='ltr'><strong>consa</strong></span> <span class='ocrx_word' id='word_1_255' title='bbox 687 3380 823 3465; x_wconf 85' lang='lat' dir='ltr'><strong>praecisa</strong></span> <span class='ocrx_word' id='word_1_256' title='bbox 845 3376 915 3443; x_wconf 89' lang='lat' dir='ltr'><strong>erit.</strong></span> <span class='ocrx_word' id='word_1_257' title='bbox 960 3378 1035 3444; x_wconf 91' lang='lat' dir='ltr'><strong>Nam</strong></span> <span class='ocrx_word' id='word_1_258' title='bbox 1058 3381 1220 3448; x_wconf 87' lang='lat' dir='ltr'><strong>eGraeeis</strong></span> 
     </span>
     <span class='ocr_line' id='line_1_31' title="bbox 102 3480 1221 3571; baseline 0.004 -24"><span class='ocrx_word' id='word_1_259' title='bbox 102 3484 201 3548; x_wconf 81' lang='lat' dir='ltr'><strong>muita</strong></span> <span class='ocrx_word' id='word_1_260' title='bbox 222 3485 301 3549; x_wconf 86' lang='lat' dir='ltr'><strong>dieta</strong></span> <span class='ocrx_word' id='word_1_261' title='bbox 322 3494 394 3548; x_wconf 87' lang='lat' dir='ltr'><strong>sunt</strong></span> <span class='ocrx_word' id='word_1_262' title='bbox 415 3507 475 3549; x_wconf 93' lang='lat' dir='ltr'><strong>non</strong></span> <span class='ocrx_word' id='word_1_263' title='bbox 498 3502 619 3571; x_wconf 80' lang='lat' dir='ltr'><strong>graece,</strong></span> <span class='ocrx_word' id='word_1_264' title='bbox 642 3484 722 3547; x_wconf 73' lang='lat' dir='ltr'><strong>mont</strong></span> <span class='ocrx_word' id='word_1_265' title='bbox 744 3480 962 3546; x_wconf 80' lang='lat' dir='ltr'><strong>Germanorum</strong></span> <span class='ocrx_word' id='word_1_266' title='bbox 984 3483 1069 3545; x_wconf 85' lang='lat' dir='ltr'><strong>multi</strong></span> <span class='ocrx_word' id='word_1_267' title='bbox 1093 3485 1221 3570; x_wconf 81' lang='lat' dir='ltr'><strong>loquun-</strong></span> 
     </span>
     <span class='ocr_line' id='line_1_32' title="bbox 101 3584 1220 3674; baseline 0.002 -24"><span class='ocrx_word' id='word_1_268' title='bbox 101 3592 156 3650; x_wconf 90' lang='lat' dir='ltr'><strong>tur</strong></span> <span class='ocrx_word' id='word_1_269' title='bbox 176 3608 239 3650; x_wconf 92' lang='lat' dir='ltr'><strong>non</strong></span> <span class='ocrx_word' id='word_1_270' title='bbox 262 3588 446 3672; x_wconf 83' lang='lat' dir='ltr'><strong>germanice.</strong></span> <span class='ocrx_word' id='word_1_271' title='bbox 490 3590 540 3653; x_wconf 81' lang='lat' dir='ltr'><strong>An</strong></span> <span class='ocrx_word' id='word_1_272' title='bbox 561 3589 657 3673; x_wconf 78' lang='lat' dir='ltr'><strong>igitur</strong></span> <span class='ocrx_word' id='word_1_273' title='bbox 668 3585 826 3660; x_wconf 82' lang='lat' dir='ltr'><strong>Aelianus,</strong></span> <span class='ocrx_word' id='word_1_274' title='bbox 850 3604 939 3669; x_wconf 83' lang='lat' dir='ltr'><strong>quum</strong></span> <span class='ocrx_word' id='word_1_275' title='bbox 956 3584 1060 3649; x_wconf 79' lang='lat' dir='ltr'><strong>uriom</strong></span> <span class='ocrx_word' id='word_1_276' title='bbox 1073 3586 1105 3649; x_wconf 90' lang='lat' dir='ltr'><strong>iu</strong></span> <span class='ocrx_word' id='word_1_277' title='bbox 1119 3588 1220 3674; x_wconf 76' lang='lat' dir='ltr'><strong>Eryce</strong></span> 
     </span>
     <span class='ocr_line' id='line_1_33' title="bbox 101 3684 1221 3776; baseline 0.003 -24"><span class='ocrx_word' id='word_1_278' title='bbox 101 3689 193 3753; x_wconf 83' lang='lat' dir='ltr'><strong>sitam</strong></span> <span class='ocrx_word' id='word_1_279' title='bbox 209 3684 340 3776; x_wconf 79' lang='grc' dir='ltr'><strong><em>Ἔρυκα</em></strong></span> <span class='ocrx_word' id='word_1_280' title='bbox 361 3691 476 3756; x_wconf 90' lang='lat' dir='ltr'><strong>diceret</strong></span> <span class='ocrx_word' id='word_1_281' title='bbox 496 3715 529 3757; x_wconf 84' lang='lat' dir='ltr'><strong>v.</strong></span> <span class='ocrx_word' id='word_1_282' title='bbox 548 3691 654 3755; x_wconf 73' lang='lat' dir='ltr'><strong>(loreis</strong></span> <span class='ocrx_word' id='word_1_283' title='bbox 676 3690 712 3753; x_wconf 93' lang='lat' dir='ltr'><strong>ad</strong></span> <span class='ocrx_word' id='word_1_284' title='bbox 730 3690 769 3753; x_wconf 91' lang='lat' dir='ltr'><strong>V.</strong></span> <span class='ocrx_word' id='word_1_285' title='bbox 789 3688 828 3751; x_wconf 88' lang='lat' dir='ltr'><strong>H.</strong></span> <span class='ocrx_word' id='word_1_286' title='bbox 845 3710 874 3772; x_wconf 91' lang='lat' dir='ltr'><strong>p.</strong></span> <span class='ocrx_word' id='word_1_287' title='bbox 889 3684 966 3753; x_wconf 77' lang='lat'><strong>286.</strong></span> <span class='ocrx_word' id='word_1_288' title='bbox 989 3687 1162 3774; x_wconf 86' lang='lat' dir='ltr'><strong>incorrupte</strong></span> <span class='ocrx_word' id='word_1_289' title='bbox 1176 3690 1221 3755; x_wconf 89' lang='lat' dir='ltr'><strong>lo·</strong></span> 
     </span>
     <span class='ocr_line' id='line_1_34' title="bbox 101 3791 1222 3882; baseline 0.002 -25"><span class='ocrx_word' id='word_1_290' title='bbox 101 3802 215 3877; x_wconf 82' lang='lat' dir='ltr'><strong>quotus</strong></span> <span class='ocrx_word' id='word_1_291' title='bbox 237 3796 308 3857; x_wconf 78' lang='lat' dir='ltr'><strong>esti</strong></span> <span class='ocrx_word' id='word_1_292' title='bbox 341 3794 440 3880; x_wconf 80' lang='lat' dir='ltr'><strong>Vulgo</strong></span> <span class='ocrx_word' id='word_1_293' title='bbox 469 3796 588 3882; x_wconf 80' lang='lat' dir='ltr'><strong>quidem</strong></span> <span class='ocrx_word' id='word_1_294' title='bbox 611 3814 699 3858; x_wconf 90' lang='lat' dir='ltr'><strong>mons</strong></span> <span class='ocrx_word' id='word_1_295' title='bbox 720 3792 764 3857; x_wconf 92' lang='lat' dir='ltr'><strong>ita</strong></span> <span class='ocrx_word' id='word_1_296' title='bbox 785 3799 930 3868; x_wconf 88' lang='lat' dir='ltr'><strong>vocatur,</strong></span> <span class='ocrx_word' id='word_1_297' title='bbox 959 3791 1030 3855; x_wconf 85' lang='lat' dir='ltr'><strong>urbs</strong></span> <span class='ocrx_word' id='word_1_298' title='bbox 1053 3794 1149 3859; x_wconf 88' lang='lat' dir='ltr'><strong>monti</strong></span> <span class='ocrx_word' id='word_1_299' title='bbox 1169 3816 1222 3859; x_wconf 87' lang='lat' dir='ltr'><strong>sn·</strong></span> 
     </span>
    </p>
   </div>
   <div class='ocr_carea' id='block_1_4' title="bbox 96 4138 1218 4309">
    <p class='ocr_par' dir='ltr' id='par_1_4' title="bbox 96 4138 1218 4309">
     <span class='ocr_line' id='line_1_35' title="bbox 170 4138 1218 4216; baseline 0 -19"><span class='ocrx_word' id='word_1_300' title='bbox 170 4142 219 4212; x_wconf 71' lang='grc'><strong>15)</strong></span> <span class='ocrx_word' id='word_1_301' title='bbox 236 4138 269 4199; x_wconf 85' lang='lat' dir='ltr'><strong>V.</strong></span> <span class='ocrx_word' id='word_1_302' title='bbox 284 4142 401 4201; x_wconf 68' lang='lat' dir='ltr'><strong>Heroon.</strong></span> <span class='ocrx_word' id='word_1_303' title='bbox 418 4144 452 4200; x_wconf 79' lang='lat' dir='ltr'><strong>ad</strong></span> <span class='ocrx_word' id='word_1_304' title='bbox 463 4142 544 4201; x_wconf 79' lang='lat' dir='ltr'><strong>dioec.</strong></span> <span class='ocrx_word' id='word_1_305' title='bbox 564 4162 589 4216; x_wconf 80' lang='lat' dir='ltr'><strong>p.</strong></span> <span class='ocrx_word' id='word_1_306' title='bbox 607 4150 668 4203; x_wconf 82' lang='lat' dir='ltr'><strong>tuo.</strong></span> <span class='ocrx_word' id='word_1_307' title='bbox 679 4142 781 4201; x_wconf 75' lang='lat' dir='ltr'><strong>Iacobo.</strong></span> <span class='ocrx_word' id='word_1_308' title='bbox 798 4144 831 4201; x_wconf 82' lang='lat' dir='ltr'><strong>od</strong></span> <span class='ocrx_word' id='word_1_309' title='bbox 843 4144 937 4201; x_wconf 80' lang='lat' dir='ltr'><strong>neuin.</strong></span> <span class='ocrx_word' id='word_1_310' title='bbox 954 4160 978 4215; x_wconf 67' lang='grc' dir='ltr'><strong>[ι.</strong></span> <span class='ocrx_word' id='word_1_311' title='bbox 995 4146 1053 4200; x_wconf 82' lang='grc'><strong>565.</strong></span> <span class='ocrx_word' id='word_1_312' title='bbox 1074 4147 1118 4214; x_wconf 86' lang='lat' dir='ltr'><strong>qui</strong></span> <span class='ocrx_word' id='word_1_313' title='bbox 1135 4144 1218 4199; x_wconf 81' lang='lat' dir='ltr'><strong>Theo-</strong></span> 
     </span>
     <span class='ocr_line' id='line_1_36' title="bbox 96 4224 1216 4309; baseline 0 -26"><span class='ocrx_word' id='word_1_314' title='bbox 96 4229 238 4300; x_wconf 73' lang='lat' dir='ltr'><strong>pometum</strong></span> <span class='ocrx_word' id='word_1_315' title='bbox 254 4224 470 4301; x_wconf 82' lang='lat' dir='ltr'><strong>praetermittunt</strong></span> <span class='ocrx_word' id='word_1_316' title='bbox 486 4236 513 4287; x_wconf 88' lang='lat' dir='ltr'><strong>io</strong></span> <span class='ocrx_word' id='word_1_317' title='bbox 531 4237 600 4289; x_wconf 82' lang='lat' dir='ltr'><strong>libro</strong></span> <span class='ocrx_word' id='word_1_318' title='bbox 610 4241 674 4309; x_wconf 76' lang='lat' dir='ltr'><strong>oapi</strong></span> <span class='ocrx_word' id='word_1_319' title='bbox 689 4230 800 4308; x_wconf 74' lang='grc' dir='ltr'><strong>ἰλίγγων</strong></span> <span class='ocrx_word' id='word_1_320' title='bbox 810 4236 859 4287; x_wconf 73' lang='lat' dir='ltr'><strong>tac</strong></span> <span class='ocrx_word' id='word_1_321' title='bbox 870 4235 952 4286; x_wconf 84' lang='lat' dir='ltr'><strong>forma</strong></span> <span class='ocrx_word' id='word_1_322' title='bbox 968 4242 1119 4286; x_wconf 89' lang='lat' dir='ltr'><strong>constanter</strong></span> <span class='ocrx_word' id='word_1_323' title='bbox 1131 4248 1216 4288; x_wconf 82' lang='lat' dir='ltr'><strong>usum.</strong></span> 
     </span>
    </p>
   </div>
   <div class='ocr_carea' id='block_1_5' title="bbox 939 4316 1006 4382">
    <p class='ocr_par' dir='ltr' id='par_1_5' title="bbox 939 4316 1006 4382">
     <span class='ocr_line' id='line_1_37' title="bbox 939 4316 1006 4382; baseline 0.015 -1"><span class='ocrx_word' id='word_1_324' title='bbox 939 4316 1006 4382; x_wconf 79' lang='lat'><strong>10*</strong></span> 
     </span>
    </p>
   </div>
   <div class='ocr_carea' id='block_1_6' title="bbox 0 0 1400 4725">
    <p class='ocr_par' dir='ltr' id='par_1_6' title="bbox 0 0 1400 4725">
     <span class='ocr_line' id='line_1_38' title="bbox 0 0 1400 4725; baseline 0 0"><span class='ocrx_word' id='word_1_325' title='bbox 0 0 1400 4725; x_wconf 95' lang='lat' dir='ltr'><strong> </strong></span> 
     </span>
    </p>
   </div>
  </div>
 </body>
</html>
