2792 4725
220 308 272 375 nn
295 300 503 375 soosrnrur.
520 307 554 375 ι.
572 306 734 384 ,crunno
758 308 899 376 ranno.
923 306 1002 377 ron.
1026 310 1054 397 ς,
1077 309 1109 377 ⁷.
1156 288 1247 379 κιο

109 490 163 556 >od
184 488 278 554 Anth.
302 489 366 553 Pal.
390 509 420 573 p.
437 485 512 555 199.
535 487 678 553 Phaniam
699 486 756 572 Ep.
780 486 832 552 lll.
858 486 908 553 ubi
931 484 1094 555 unitarum
1117 486 1231 555 instru-

120 603 228 658 menta
249 602 417 671 enumerat,
440 592 483 656 ita
504 590 662 675 scripsisse
683 590 852 674 suspicatur
872 591 946 659 Καὶ
967 588 1108 659 εελίδων
1127 585 1229 659 κονί·

109 718 234 781 vespm
254 687 453 781 φιλόρθιον,
476 688 571 780 ἔργρί
593 687 745 780 οἷγελείης
768 693 972 779 σομοθέκιι,
1006 694 1066 761 καί
1090 690 1156 774 colo
1174 692 1234 761 eri·

120 797 279 885 μίλννον
298 795 459 886 βροχίδο,
489 796 525 859 ad
547 795 773 880 significandum
798 796 952 859 literarum
984 816 1105 881 gregem
1139 796 1233 861 linea·

120 920 193 965 rum
215 898 300 983 quasi
319 898 461 962 claustris
483 897 660 972 coercitum,
683 907 716 961 et
736 897 917 980 prolationis
939 898 1005 963 looo
1028 910 1147 982 praeter
1160 898 1231 976 alio,

122 1002 283 1086 quaejam
306 1000 483 1064 labefactata
504 1011 596 1074 sunt,
620 998 709 1061 affert
729 999 827 1083 Apoll.
853 998 876 1063 l.
904 996 997 1065 1208.
1022 999 1127 1081 δίζετο
1153 1000 1234 1087 κρη-

120 1101 224 1189 ννίης
248 1099 337 1189 ἱερὸν
358 1093 453 1189 ῥίον.
499 1101 635 1166 δικίδιον
658 1100 726 1165 looo
749 1121 830 1167 nuno
852 1101 985 1165 ecdicum
1008 1104 1149 1188 obsequio
1171 1104 1234 1168 edi·

116 1216 189 1269 tum
212 1216 259 1269 est
280 1204 391 1290 δίζητο
414 1199 539 1291 κρήνης
560 1240 603 1254 -
623 1205 713 1287 atque
741 1202 819 1268 haud
841 1204 904 1269 scio
926 1225 965 1267 an
979 1194 1081 1270 ⁸satius
1103 1208 1143 1270 sit
1156 1228 1235 1271 ’νοι-

121 1308 163 1372 ta
184 1319 379 1372 controverso
409 1308 451 1371 ita
475 1307 616 1371 dirimere
644 1309 755 1392 ἕργμα
780 1330 818 1371 τε
844 1306 936 1381 λείας
960 1308 1176 1393 οηριοθίτον,
1199 1320 1234 1373 ut

122 1409 313 1494 significetur
336 1408 411 1493 lapis
431 1408 598 1493 oblongos,
637 1428 695 1491 quo
724 1407 895 1471 etiamnunc
925 1410 1040 1475 scribae
1068 1410 1111 1476 uti
1134 1412 1235 1475 solent

123 1511 232 1596 partim
253 1513 289 1573 ad
311 1511 531 1595 deprimendam
553 1511 706 1587 charum,
737 1529 823 1593 quum
845 1511 1040 1590 describunt,
1068 1513 1174 1597 partim
1197 1513 1234 1577 ad

125 1612 341 1697 designandum
363 1634 507 1689 versum,
535 1612 568 1676 in
593 1633 651 1695 qno
672 1612 760 1675 modo
782 1613 1002 1694 substiterunt,
1034 1634 1072 1679 ne
1096 1615 1144 1679 vel
1160 1636 1234 1679 sor·

125 1736 195 1779 sum
217 1717 361 1780 aberrent
389 1716 439 1781 vel
467 1717 618 1780 deorsum.
674 1714 709 1776 ln
730 1712 854 1777 ioannis
877 1713 952 1779 Gaz.
977 1716 1086 1801 Eephr.
1115 1717 1153 1781 11.
1177 1716 1239 1781 63.

123 1811 206 1904 ὅφιν
227 1819 381 1907 §occupo
403 1815 554 1904 δερνίης,
587 1816 637 1879 eni
657 1815 756 1881 simile
778 1819 922 1901 estquod
944 1820 1079 1903 sequitur
1099 1842 1132 1883 v.
1157 1818 1232 1885 305.

122 1914 346 2007 ἄμφίζωσεον
371 1916 477 2007 οέίρει
498 1916 654 1986 ποικίλον
677 1919 872 2006 ἑρποστῆροι
895 1918 991 2007 δίρη,
1014 1942 1122 1985 sensus
1147 1933 1232 1987 tene·

124 2023 237 2087 briensi
268 2035 372 2109 poetae
401 2044 505 2107 parum
534 2042 701 2105 assequor3
730 2022 757 2086 si
788 2022 960 2107 incorrupta
993 2034 1041 2087 est
1069 2023 1231 2107 scriptura,
1315 2050 1326 2059 ·

124 2124 243 2212 <leporio
271 2148 337 2190 cnm
366 2119 489 2212 οδροίοι
523 2124 771 2207 comparaverim.
814 2122 848 2187 ln
872 2124 1025 2209 Sophoclis
1051 2144 1144 2189 versu
1171 2124 1234 2211 ν’ῆς

119 2225 307 2303 Ἑκοταίας
340 2226 487 2315 μαγίδος
518 2218 647 2313 δόρπον
672 2227 800 2310 positum
825 2248 892 2291 esse
914 2248 983 2311 pro
987 2220 1150 2314 Ἐκοίπης,
1182 2226 1234 2291 El·

124 2331 239 2398 lendtio
260 2332 338 2397 Lex
364 2330 454 2419 Spph
478 2330 515 2394 Τ.
539 2328 564 2394 Ι.
589 2328 665 2395 554.
695 2350 757 2438 non
783 2329 944 2396 assentior.
990 2330 1078 2396 Sed
1068 2352 1101 2396 ιιι
1093 2328 1234 2470 Leoni

118 2436 190 2527 διο
200 2435 272 2500 Tar.
296 2434 399 2519 Epigr.
425 2433 576 2497 XXXIX.

252 2535 315 2624 Μη
340 2528 404 2654 erip
403 2533 484 2602 Τπ
509 2531 685 2622 οίονόμοιο
707 2533 892 2622 περίπλεον
916 2527 1008 2612 ίλιίος
1030 2532 1093 2606 ωδε
1149 2581 1152 2591 ·
1223 2585 1226 2592 .

196 2677 199 2681 ·
333 2640 435 2706 τοῦτο
460 2636 664 2754 χαραδραίης
683 2635 831 2726 θερμὸν,
855 2636 964 2716 ὁδον,
987 2638 1073 2731 πίης
1157 2665 1161 2672 ·
1253 2663 1259 2693 ι

126 2743 166 2819 si,
192 2751 227 2806 nt
247 2741 322 2807 viris
344 2742 525 2806 doctissimis
545 2741 656 2817 visum,
680 2739 774 2817 ἰλύος
794 2741 999 2832 χαραδραίης
1013 2745 1181 2828 jungantur
1200 2753 1234 2808 et

126 2841 178 2913 ἐπ’
202 2841 381 2932 οἷονόμοιο
402 2838 463 2910 ὧδε
481 2844 535 2908 liic
556 2843 874 2920 insultationum
896 2845 984 2910 video
1007 2867 1149 2932 quorsum
1163 2865 1234 2932 per·

117 2949 221 3012 ¹lineat
241 2946 436 3034 περίπλεον,
458 2946 616 3032 potiusque
641 2944 698 3008 hoe
725 2946 784 3012 dioi
810 2947 942 3010 arbitror
961 2945 1012 3035 pcc}
1039 2946 1121 3038 πίης
1142 2946 1233 3065 ὕδωρ

86 3102 88 3106 -
127 3048 310 3138 περίπλεον
330 3042 423 3125 ἰλιίος
447 3042 551 3115 ods’
527 3072 597 3114 απο
589 3044 688 3133 (pro
704 3046 775 3134 dccl)
793 3045 959 3136 οἰονόμον
982 3047 1160 3140 χοροίδρης,
1183 3049 1233 3114 oui

127 3153 309 3218 simillimum
331 3165 380 3217 est
403 3137 604 3239 ἐρημονόμιο
624 3149 719 3235 πνροί
738 3149 821 3241 πίζη
842 3151 944 3216 Noun.
968 3152 1039 3216 XV.
1062 3151 1136 3216 175.
1171 3150 1233 3216 Ne·

128 3279 184 3341 que
205 3268 306 3320 tamen
334 3256 402 3319 id
392 3277 425 3318 ιιι
447 3274 638 3339 paragogae
633 3252 791 3336 exemplis
814 3257 1030 3326 numerandum
1057 3255 1109 3318 sed
1130 3277 1232 3344 popo*

129 3357 243 3446 δραίης
263 3357 374 3446 πηγῆς
402 3357 454 3421 vel
481 3352 620 3445 λιβάδος
654 3355 895 3440 intelligendum.
932 3349 1118 3441 Eodemque
1146 3359 1232 3421 modo

53 3536 55 3541 ¹
128 3462 206 3526 solvi
230 3472 329 3546 potest
350 3460 447 3524 Photii
469 3471 500 3524 e't
522 3460 628 3525 Snidae
650 3459 751 3544 glossa
764 3459 884 3534 ionica,
908 3459 1232 3544 quamsoprorerorre

119 3565 236 3629 oblitos
256 3587 335 3640 sum,
359 3559 514 3648 Νικκίην
537 3560 649 3648 νίκην,
679 3560 745 3626 sive
773 3559 847 3624 illud
874 3561 911 3623 ad
945 3563 1022 3626 diem
1046 3561 1234 3653 victorialem

127 3667 258 3731 refertur
279 3668 345 3730 sive
365 3667 402 3728 ad
422 3662 578 3745 ταινίαν,
600 3665 686 3749 cujns
715 3663 798 3727 notio
812 3663 1012 3729 adhaerescit
1034 3666 1125 3729 verbo
1146 3659 1234 3731 οἶνοι-

127 3768 236 3855 δῆσαι,
261 3765 323 3834 τόν
340 3764 537 3854 νικήσαντα
560 3765 737 3834 cccccccccc
760 3767 844 3830 Suid.
868 3767 983 3851 dicique
1010 3768 1107 3852 potnit
1128 3763 1235 3834 νικκί·

129 3895 178 3960 αν,
195 3865 382 3957 οίνεδήοανο
409 3891 464 3955 pro
492 3868 591 3956 νίκην
615 3881 650 3933 nt
682 3865 790 3958 οἷρχήν
818 3881 850 3933 et
885 3866 985 3945 δόξαν
1014 3865 1230 3937 ἀναδεῖσθαι·

129 3975 192 4038 sive
212 3976 250 4038 ad
279 3975 388 4051 deam,
415 3995 490 4058 quae
517 3976 553 4037 ab
580 3972 691 4036 Atticis
711 3968 847 4058 Ἀθηνᾶ
872 3971 968 4060 Νίκη
994 3983 1235 4056 nuncupatur,a

127 4073 233 4140 Non'no
253 4076 414 4140 XXXVll.
439 4075 519 4143 623..
539 4072 683 4149 Ποιλλείς
708 4073 861 4161 Νικοίη,
877 4077 1101 4160 mulierumque
1124 4093 1233 4139 nomeu

127 4189 173 4244 est
193 4177 290 4265 Νίκη
310 4190 343 4244 et
361 4176 506 4259 Nicator,
529 4177 679 4265 posterius
709 4177 800 4241 etiam
821 4178 957 4256 urbium,
987 4199 1062 4263 quae
1084 4176 1191 4262 partim
1215 4195 1234 4239 a
