2792 4725
169 288 221 355 oo
236 284 374 355 noem.
388 283 755 365 nornennrsoosr.
769 275 864 369 seu.
878 286 1012 359 omre.
1029 288 1059 375 ρ.
1074 287 1127 359 11.
1159 288 1230 363 sm

120 469 263 537 motionis
291 468 443 535 licentiam
471 466 637 535 concedere
663 478 825 547 reuectus,
856 466 938 547 hunc
962 469 1133 555 scrupulum
1161 474 1230 539 011.

121 585 208 641 munt
223 565 383 661 τράπεζα,
404 569 554 658 opinato,
578 570 694 656 aliaque
715 574 873 658 adjectiva,
896 595 972 658 qnae
991 596 1059 652 cum
1078 574 1230 660 significa·

122 678 205 743 tione
227 677 481 743 substantivorum
503 675 747 747 terminationem
769 696 834 741 can
855 688 1054 762 acceperunt,
1080 702 1138 764 qun
1157 691 1232 747 sunt

122 781 310 848 substantiva
337 779 483 863 simplicia
508 800 542 843 v.
566 778 695 853 Dissert.
720 778 756 841 de
777 779 852 844 troo.
874 780 991 866 Adjcct.
1036 781 1077 845 Et
1103 804 1146 847 ex
1173 783 1231 849 hoo

122 884 188 969 ipso
211 904 323 971 genere
345 892 392 949 est
412 873 576 969 oidpoddup
598 881 653 955 ιιοιὶ
675 876 819 970 ὑδροχόη
842 880 946 974 parido]
966 884 1116 959 Theodori
1136 886 1228 972 Hyrt.

121 1009 152 1074 p.
177 986 231 1052 61.
254 989 287 1053 in
306 986 421 1061 Anecd.
445 986 583 1052 Boisson.
605 983 642 1048 T.
667 984 720 1057 111.
765 984 842 1054 iiiuc
866 986 946 1061 latus
971 988 1107 1071 aperitur
1133 986 1231 1073 suspi-

123 1091 242 1155 cionum
264 1108 395 1173 campus.
440 1088 486 1159 Ao
508 1086 630 1171 antiquo
651 1089 744 1153 verno
766 1081 872 1177 ἀγρέο
896 1089 1027 1175 (αἱρέοι)
1049 1111 1110 1170 οοο
1131 1091 1231 1159 solum

123 1190 268 1281 σύαγρος
294 1190 412 1257 docitur
439 1201 471 1265 et
496 1187 682 1278 penioypor,
718 1202 919 1275 necnonque
944 1186 1142 1281 mdooypoo,
1177 1195 1232 1260 scd

124 1296 215 1361 edam
235 1294 380 1359 feminine
398 1285 611 1382 picioore'ype,
634 1288 811 1387 mupdypo,
832 1292 973 1384 μοι’γροι
996 1307 1029 1361 et
1047 1294 1229 1385 podedypo,
1249 1298 1257 1305 ’

124 1418 182 1483 quo
204 1418 265 1463 non
286 1397 383 1462 solum
404 1396 637 1464 instrumentum
658 1408 800 1480 capturae
827 1400 881 1469 scd
908 1409 941 1471 ct
968 1418 1060 1465 raven
1082 1396 1233 1483 signitica-

124 1512 177 1567 tur
202 1501 372 1585 pariterque
400 1498 577 1568 Theocritus
605 1497 630 1566 Ι.
654 1498 708 1565 52.
739 1520 862 1568 caveum
888 1500 1079 1570 reservandis
1106 1501 1231 1567 locustis

123 1596 358 1691 οἰιριδοθήροιι
383 1602 521 1679 vocavit,
556 1622 610 1686 pro
638 1624 695 1688 quo
723 1604 808 1675 codd.
838 1603 974 1675 nonnulii
999 1595 1248 1690 ιιίιριδοθήιιην·

124 1708 268 1793 praebent
286 1705 436 1771 Moinckio
459 1707 625 1790 probatum.
660 1704 775 1771 Verum
795 1706 823 1769 oi
845 1705 984 1780 similiter
1005 1708 1165 1772 terminate
1185 1717 1232 1773 at·

125 1810 291 1884 tendimus,
321 1803 516 1899 dornoniam,
537 1800 764 1905 βιβλιοθήκῃ,
790 1804 961 1901 odoodp'op
984 1818 1016 1871 ct
1036 1825 1112 1892 qnae
1132 1809 1232 1893 pauido

125 1922 195 1982 ente
216 1913 363 1997 produxi,
395 1933 431 1977 co
452 1912 643 1992 adducimur,
675 1911 722 1977 his
747 1912 917 1985 nominihus
942 1911 1104 1995 significari
1128 1912 1232 1977 thecae

124 2015 190 2084 sivo
219 2014 396 2099 apothecas,
433 2015 562 2079 armaria
591 2026 624 2081 et
650 2015 829 2100 repositoria
855 2033 958 2091 rernm
985 2014 1233 2093 inanimatam,

123 2110 337 2203 depcdodq'up
358 2128 456 2181 autem
483 2138 545 2186 nou
566 2118 661 2210 magis
689 2118 748 2191 dici
768 2138 856 2202 posse
883 2138 971 2202 ροριο
991 2113 1153 2205 deodvino]
1181 2116 1233 2183 vet
1322 2167 1326 2176 .

124 2216 341 2309 ὀριοθοθήιιη
370 2242 424 2305 pro
452 2216 679 2308 βοοστοιθμός
709 2232 740 2288 ct
769 2212 922 2308 o'pocdcio
952 2220 1018 2285 sive
1049 2217 1233 2306 donodono·

123 2336 236 2413 μεῖον.
279 2324 475 2391 Locusterum
496 2336 595 2392 numm
617 2325 809 2393 venationem
832 2344 894 2396 oon
914 2318 1149 2411 οἰιριδοθήροο
1174 2322 1233 2392 dici

20 2471 24 2476 -
124 2429 271 2503 arbitror,
304 2429 357 2492 scd
382 2422 647 2515 ἅκριδοθρρίαι,
677 2438 713 2492 nt
733 2421 899 2514 οὐθηρίοι,
924 2424 1110 2523 δοςθηρίοι,
1134 2427 1234 2514 φιλο-

123 2529 248 2618 «inpio,
274 2552 310 2597 eo
331 2533 357 2596 si
380 2531 480 2608 Gaza,
507 2542 541 2596 ut
562 2515 729 2616 scaphium
749 2532 809 2607 tit,
838 2520 1058 2617 ὀρνιθοθήρα
1079 2530 1158 2597 disit
1177 2551 1232 2615 pro

124 2635 268 2719 aucupio,
299 2645 381 2709 certe
404 2655 422 2700 e
443 2635 532 2717 patrii
553 2634 701 2702 sermonis
724 2633 940 2705 consuetudine
961 2633 1082 2701 deiecit.
1126 2630 1232 2716 Neque
1315 2674 1320 2680 -

119 2738 280 2824 panthera
300 2737 333 2802 in
356 2735 471 2820 Ulpiani
493 2736 579 2800 locos
615 2756 709 2821 quum
723 2735 875 2820 sutum
891 2736 1015 2821 joctttm
1036 2737 1117 2800 ratic
1140 2735 1232 2820 api·

124 2850 248 2906 scotere
269 2841 396 2904 enimus
416 2847 475 2906 out
492 2837 674 2921 coriaginem
688 2839 803 2924 plagis
818 2841 957 2924 positum
977 2861 998 2907 ο
1015 2847 1165 2904 venatore
1183 2837 1233 2902 ved

118 2942 309 3030 pontiseram
337 2939 377 3006 ob
404 2961 539 3024 ononpe,
572 2959 626 3023 per
652 2959 686 3008 se
711 2941 861 3024 significat
884 2941 1003 3030 mdccc!
1028 2939 1093 3027 τήν
1113 2936 1232 3025 θήραν

124 3047 207 3122 sive,
226 3055 270 3110 xut
291 3043 510 3128 Lexicographi
532 3042 645 3118 nostri,
674 3041 735 3108 den
753 3064 883 3127 gnesen
902 3044 1014 3128 daeg,
1042 3043 1119 3134 qood
1139 3064 1233 3120 reon-5

123 3145 231 3234 epoto
252 3147 407 3214 dicendum
429 3145 557 3220 fuisset,
584 3145 637 3211 ned
658 3145 776 3229 proprie
802 3146 919 3229 quidem
943 3155 1027 3221 rote,
1057 3155 1162 3228 estque
1186 3145 1231 3208 ie·

124 3251 270 3316 minimum
293 3247 432 3334 adjectivi
453 3269 470 3312 a
492 3249 585 3322 verbo
607 3247 764 3337 compositi
784 3243 985 3336 πάνθηροι,
1007 3248 1085 3330 quod
1106 3246 1232 3324 Romam

123 3354 268 3420 feminine
293 3352 471 3421 extulerunt
489 3351 667 3436 panthera,
699 3362 734 3416 ut
757 3361 903 3431 crocata,
931 3351 1037 3424 dioto,
1065 3348 1230 3435 ampliora,

123 3457 255 3524 animum
277 3456 314 3520 ad
335 3455 553 3520 substantivum
575 3455 719 3540 quoddam
739 3455 909 3522 referentes
926 3453 1058 3539 jamdiu
1080 3452 1231 3527 oblivione

124 3561 276 3624 obrutum.
313 3558 561 3638 Quemadmodum
579 3569 680 3624 autem
700 3577 842 3642 persaepe
862 3557 1020 3624 continens
1039 3557 1159 3640 punitum
1176 3577 1231 3641 pro

125 3671 286 3736 contento,
317 3661 360 3724 ita
382 3660 436 3724 illo
464 3681 579 3744 qumque
602 3661 668 3724 loeo
688 3655 857 3745 πανθὴρο
883 3659 1033 3744 significat
1058 3659 1232 3724 universum

125 3765 226 3848 ouium
245 3764 358 3847 copiam
380 3783 455 3846 quae
476 3763 594 3828 intento
615 3774 681 3828 rete
701 3773 787 3848 capta
807 3772 866 3828 cst.
900 3761 945 3830 Dc
963 3782 1021 3847 qno
1039 3783 1130 3845 quom
1147 3772 1232 3827 recto

125 3866 331 3930 admonuisset
357 3864 519 3930 Salmasius
547 3865 582 3930 de
609 3865 653 3929 Μ.
677 3865 730 3932 Us.
753 3888 783 3952 p.
806 3863 881 3930 353.
912 3875 1027 3931 temere
1052 3864 1232 3951 obloquutus

128 3978 176 4032 est
199 3968 356 4034 Duckerus
382 3968 419 4033 do
445 3967 547 4038 Latin.
573 3967 740 4035 Juriseons.
769 3989 801 4054 p.
824 3965 899 4033 367.
929 3965 1036 4053 (400.)
1052 3970 1111 4050 ⁹⁰).
1150 3964 1232 4030 Haeo

195 4191 241 4261 90)
262 4191 377 4256 ilerdae,
403 4207 469 4263 qnae
486 4207 503 4246 t
519 4190 668 4278 Dioscuridu
686 4187 790 4264 o’ro'ypa
810 4199 838 4244 ct
853 4186 994 4262 ὄνοθὴρο,
1020 4206 1036 4242 a
1053 4189 1230 4265 Theophrasto

249 4316 253 4324 .
994 4288 1066 4357 25*
