2792 4725
343 268 402 335 DE
430 268 596 336 Nontttt.
628 268 801 336 stodes.
835 267 871 333 C.
895 268 948 334 lll.
979 272 1008 355 ξ.
1030 270 1063 334 4.
1173 273 1237 340 171

2 403 6 408 ’
121 450 180 528 ec,
200 447 278 519 273.
302 448 355 515 vi.
379 448 433 528 oo,
454 447 532 516 ace.
557 448 597 514 c.
620 447 755 515 noeane.
778 449 855 516 nex.
879 448 970 535 ειμι.
994 448 1032 513 n.
1042 447 1066 512 1.
1090 448 1167 515 ear.
1183 473 1236 516 ne·

122 575 183 640 quo
203 552 416 639 appellativum
436 554 535 618 solum
558 553 724 618 sedetiam
746 555 899 642 proprium
922 575 952 620 v.
976 553 1085 618 Lchrs.
1110 555 1146 618 de
1166 553 1236 618 Ani·

120 655 238 722 starch.
261 678 291 741 p.
301 654 377 722 300.
401 657 506 741 quibus
528 657 630 720 addam
653 674 777 721 casuum
800 660 969 722 ceterorum
991 656 1147 742 exemplar
1174 656 1238 724 τοῦ

120 758 257 827 ῖιιτίνον
278 759 406 837 Aristot.
428 758 536 822 Mirab.
561 780 589 822 c.
615 757 787 823 CXXXIII.
811 760 896 824 Paul.
922 749 1000 845 Aeg.
1017 759 1084 824 VII.
1107 757 1140 840 3,
1156 757 1234 830 241.

122 861 239 947 Geopp.
272 860 357 949 XIII.
392 860 426 938 8,
451 859 485 926 8.
509 860 555 948 cpi
583 859 698 951 ἰκτίνῳ
735 861 887 928 Plutarch.
911 860 1018 949 'Grytt
1046 859 1127 926 vltt.
1155 861 1235 930 223.

120 965 162 1030 Τ.
177 965 262 1030 XIII.
288 964 358 1033 τῶν
379 963 518 1034 ιἰιτίνων
539 965 679 1056 Apollon.
715 965 807 1052 Dysc.
822 965 900 1030 Hist.
926 987 954 1030 c.
977 965 1022 1028 X.
1045 960 1126 1038 τούς
1148 962 1235 1032 ἰκτί-

118 1092 208 1143 νονς
241 1068 324 1134 Stob.
360 1066 442 1132 ntor.
472 1066 543 1132 XV.
577 1066 638 1145 10,
674 1065 751 1136 293.
806 1069 857 1134 Ex
888 1068 979 1133 tertia
1012 1066 1232 1134 declinatione:
1260 1111 1263 1116 -

118 1171 186 1244 τοῦ
207 1175 335 1244 ἰκτῖνος
362 1207 406 1218 -
432 1167 493 1238 τὸν
521 1173 635 1238 ἰκτῖνοι
662 1170 776 1236 Julian.
804 1170 912 1256 Misop.
936 1167 1011 1236 366.
1035 1170 1084 1236 Α.
1098 1173 1236 1239 oblect-
1343 1159 1349 1170 ⁵

118 1297 179 1342 nes
200 1276 329 1340 Pansan.
353 1284 385 1339 et
405 1273 525 1340 Aelian.
549 1296 582 1339 v.
604 1273 711 1338 Jacobs
730 1275 767 1340 ad
788 1273 856 1339 Ael.
880 1271 978 1360 pua,
998 1273 1053 1340 24.
1079 1296 1154 1360 qnae
1179 1275 1234 1341 tri·
1336 1263 1339 1276 ’

118 1380 197 1466 plcx
225 1379 321 1441 forma
348 1376 380 1440 in
409 1398 471 1441 nno
496 1375 650 1462 Sophoclis
679 1376 747 1441 Ioco
775 1377 911 1442 affertur.
957 1376 1040 1443 Haec
1063 1389 1163 1444 autem
1185 1400 1234 1446 ao·

119 1492 230 1548 centus
250 1479 454 1544 inconstantia
485 1491 654 1564 suspectam
681 1481 779 1544 reddit
800 1480 934 1546 Platonis
963 1493 994 1546 et
1022 1481 1232 1567 Aristophanis

117 1585 301 1669 scnipturam
323 1585 454 1658 ἴκτινα,
485 1584 535 1668 qni
556 1584 584 1647 si
605 1587 719 1652 ι’κτῐνα
741 1585 919 1648 extulerunt
941 1595 974 1648 ut
996 1583 1156 1672 δελφῖνα,
1179 1585 1234 1649 illa

116 1687 307 1774 metaplasmi
328 1687 459 1773 suspicio
480 1686 678 1752 vehementer
702 1687 915 1766 labefactatum
946 1697 1016 1752 narn
1037 1687 1064 1752 is
1086 1688 1233 1754 hccnseti·
1347 1741 1353 1754 .

116 1814 179 1862 vus
200 1802 285 1856 recta
307 1789 500 1856 descendite
521 1789 617 1874 primo
638 1787 727 1856 ἰντίν
749 1790 814 1854 sive
835 1791 933 1866 ἰκτίς,
957 1784 1034 1876 quod
1057 1790 1163 1858 Critici
1185 1813 1233 1858 re·

117 1896 287 1964 stituerunt
307 1892 458 1980 Hesychio
480 1883 653 1978 pro'Iuco'c
674 1892 989 1982 ἰκτίνοςΠεργαῖοι.
1032 1894 1075 1959 Et
1087 1895 1120 1960 in
1129 1893 1231 1960 Gloss,
1243 1925 1268 1954 x

121 1998 295 2073 Graeeolat.
311 1997 376 2062 sine
398 1997 571 2062 accentibus
585 2000 673 2066 ἷκτιν
687 1999 756 2085 ploce
769 1995 875 2082 jugit.
900 1996 964 2064 Nec
976 2007 1133 2081 praeterea
1146 1998 1230 2082 qnid·

119 2124 209 2188 qnam
235 2099 312 2166 certi
341 2122 396 2186 pro
423 2097 480 2166 hac
508 2121 599 2167 cansa
626 2101 764 2166 affertur.
826 2098 903 2165 Nam
931 2094 1078 2178 Aoede,
1107 2096 1229 2189 ὑσμίν,

121 2205 182 2272 etsi
202 2224 348 2288 nusquam
372 2223 468 2287 neque
488 2202 522 2268 in
544 2203 657 2268 nostris
683 2203 830 2289 leguntur
850 2202 934 2267 libris
956 2223 1053 2288 neque
1076 2202 1232 2268 Gramma-

120 2309 190 2375 ticis
211 2308 430 2386 innotuerunt,
458 2317 560 2371 tamen
582 2327 636 2393 per
657 2327 690 2373 sc
712 2307 786 2371 adeo
807 2305 883 2372 nihil
910 2305 1084 2393 offensionis
1106 2306 1230 2385 habent,

119 2425 157 2501 pt
177 2434 282 2477 eornm
306 2409 777 2496 praetermissionemfortnitam
798 2410 897 2495 potius
919 2432 1005 2495 quam
1027 2410 1231 2475 neeessariam

116 2516 299 2603 judicemus.
342 2512 387 2577 Ac
414 2514 543 2577 fortasse
567 2512 613 2577 illi
637 2513 716 2597 ipsi,
747 2513 796 2597 qui
818 2510 919 2593 ἰιιτίν,
943 2509 1069 2583 Aeduis
1098 2524 1131 2579 et
1158 2514 1232 2579 talia

119 2622 312 2706 rejecerunt,
342 2638 404 2682 non
430 2616 493 2679 ullo
523 2615 746 2700 peregrinitatis
777 2617 868 2680 odore
891 2616 1076 2693 ductisunt,
1099 2616 1152 2681 sed
1174 2614 1231 2679 hoc

119 2715 325 2796 tantummodo
353 2739 462 2785 cavere
483 2718 658 2793 voluerunt,
682 2738 721 2781 ne
744 2717 939 2795 nominativi,
970 2741 1096 2803 quornm
1123 2730 1231 2785 auctor

119 2825 223 2889 nullus
244 2833 341 2905 extat,
364 2844 418 2907 pro
440 2819 559 2885 usitatis
581 2818 732 2905 vulgoque
754 2821 884 2903 probatis
906 2822 1103 2908 recipiantur,
1127 2844 1230 2909 quem·

73 2909 79 2927 ’
118 2928 277 2993 admodum
298 2926 385 2991 hodic
405 2918 502 2989 latine
521 2923 688 2988 scribentes
711 2923 905 2990 nominativis
926 2925 1227 3010 erumpentem),

118 3030 243 3107 verber,
256 3028 362 3115 saue,
388 3048 443 3114 ops
465 3037 497 3091 et
517 3026 585 3090 aliis
597 3025 780 3091 abstinemus
803 3035 838 3090 ut
857 3027 1050 3111 incompertis
1072 3039 1229 3118 ratumque

119 3132 264 3197 habemus
293 3131 371 3217 quod
401 3140 491 3195 vetus
524 3128 831 3215 admonet-magister
852 3128 953 3193 Schol.
977 3129 1056 3194 Ven.
1079 3130 1126 3202 A.
1149 3128 1226 3196 395.

118 3228 265 3301 εὐθεῖαν
294 3230 346 3320 μή
376 3228 569 3321 εὖρημένην
599 3227 830 3300 &pontatecus
851 3225 986 3318 εὔηθες.
1029 3232 1065 3298 In
1087 3254 1144 3317 quo
1167 3233 1229 3297 tora

117 3346 202 3403 tasse
231 3335 320 3401 nimis
348 3335 517 3421 scrupulosi
548 3337 683 3402 fuerunt.
736 3334 838 3399 Schol.
866 3335 953 3400 Aret.
986 3334 1040 3401 78.
1072 3330 1231 3426 dcpdptopm

119 3434 202 3507 ἀντὶ
219 3436 284 3507 τοῦ
305 3437 498 3529 διχοινήνῳ·
514 3436 556 3506 oti
570 3436 621 3505 δεῖ
639 3437 675 3505 db
692 3437 762 3505 τῶν
783 3437 1042 3527 μεταπλασμῶν
1065 3440 1151 3523 (fort.
1168 3464 1229 3525 pcc·

118 3540 339 3627 ταπλαστῶν)
365 3538 427 3617 τοῖς
454 3539 594 3617 εὐθείας
621 3545 790 3629 ἐπιζητεῖν
818 3536 926 3631 ὥςπερ
949 3542 1007 3609 καὶ
1027 3538 1066 3609 sd
1090 3535 1229 3632 ἐρυσάρ-

117 3669 244 3733 ματες,
264 3663 339 3729 quae
356 3644 476 3711 Orionis
491 3666 608 3730 quoque
629 3656 677 3710 est
695 3644 958 3730 sententiap.27‚
971 3644 1026 3713 29.
1042 3639 1120 3713 cibel
1139 3642 1238 3713 neceb

117 3744 369 3835 μιταπλασμὸν
392 3744 435 3822 ὦς
457 3743 623 3839 διχόινηνι,
646 3747 716 3812 aliis
739 3748 957 3843 ambigentibus
976 3748 1227 3833 metaplastumne

117 3848 160 3915 sit
179 3872 220 3914 an
241 3871 370 3935 apocope
388 3851 528 3917 affectum
543 3873 584 3917 cx
605 3842 797 3942 διχομήνιδι
811 3852 965 3939 hayman.
979 3850 1055 3929 280,
1065 3853 1097 3919 2.
1108 3852 1225 3917 Anecd.

115 3951 252 4039 praefi.
276 3952 396 4017 Etenim
407 3975 495 4038 quum
503 3946 685 4046 ὃιχόμνννος
702 3966 732 4021 et
749 3947 923 4045 διχόμηνις
936 3978 1078 4041 persaepe
1092 3955 1229 4021 invenis-

114 4068 187 4121 sent
201 4059 363 4141 eademque
380 4058 480 4141 specie
500 4071 602 4124 cetera
616 4061 651 4123 ab
665 4059 722 4123 hoc
739 4060 861 4124 nomine
883 4060 1045 4144 composita
1061 4052 1227 4145 ἠλιτόμη-

112 4183 187 4259 νις,
203 4158 361 4249 dippeus,
372 4147 571 4251 bcdppcpccc,
587 4159 797 4253 cpccdpmecc,
819 4160 935 4228 nullum
956 4173 1057 4239 autem
1075 4162 1152 4246 quod
1164 4161 1227 4224 for·

1267 4040 1280 4075 t
