2792 4725
172 331 243 403 m
374 328 380 338 ’
530 320 921 432 mmmmm

171 509 225 579 31.
249 509 312 580 τόν
332 503 420 597 pido
441 505 510 572 Nic.
526 504 619 573 Alex.
639 505 715 574 aba.
740 519 804 572 tum
827 509 917 572 ctiam
940 507 1121 595 composita:
1146 505 1208 576 cdo
1230 513 1291 598 tp·-

119 697 124 702 ,
171 617 256 708 χλοα
284 612 382 678 Ther.
406 607 482 675 676.
521 607 584 678 οόν
611 601 821 700 δονακόχλοα
849 609 1176 697 buamundo).
1212 614 1291 698 quod

170 715 411 802 antiquissimum
432 713 554 779 videtur
580 713 671 798 bnjus
694 713 836 778 licentiae
857 716 1029 799 exemplum
1059 725 1091 780 et
1114 717 1234 804 saepius
1255 720 1292 782 in

171 821 281 909 plurali
302 824 337 887 ol
368 810 491 891 εὔνους
513 815 639 881 Pbilcm.
674 815 796 902 Fragm.
822 816 948 880 GXXll.
973 817 1048 884 430.
1076 814 1290 897 cisiniaco,

173 903 1293 1011 cmmemmmmmmammffl

173 1050 276 1120 χρονς
302 1023 388 1091 Paul.
411 1022 488 1108 Aeg.
513 1021 567 1100 lV,
591 1022 624 1100 5,
649 1020 726 1086 133.
754 1019 835 1096 codo
849 1017 985 1116 ἀ’ἶχνοας
1005 1025 1140 1100 Manetb.
1165 1025 1288 1092 1.127.
1386 1051 1392 1059 ⁸

174 1132 251 1216 qnod
271 1125 378 1213 nuperi
393 1127 524 1191 editores
536 1123 717 1189 Dorvillium
739 1127 858 1210 sequuti
878 1129 912 1191 in
933 1121 1060 1218 οἴχνονς
1082 1129 1287 1194 demutaruut.

174 1233 316 1319 Polybius
338 1230 375 1294 dc
387 1229 476 1293 barb.
500 1251 530 1313 p.
554 1225 630 1294 230.
654 1228 769 1292 Anecd.
794 1229 891 1294 Boiss.
916 1229 952 1294 T.
971 1229 1024 1296 lll.
1048 1231 1224 1295 barbarismi
1247 1219 1317 1296 ex*

173 1337 351 1430 pleonasmo
378 1343 410 1396 et
431 1331 530 1416 ellipsi
561 1331 625 1394 nati
657 1330 798 1415 exemplo
826 1333 967 1417 proponit
994 1333 1144 1419 genitivos
1166 1333 1293 1425 Αἰσχί-

173 1459 258 1512 νονς
279 1446 311 1501 et
330 1433 575 1521 domabimus,
598 1453 674 1518 qnos
695 1431 732 1495 ab
754 1433 903 1518 aliquibus
937 1448 1097 1523 usurpatos
1129 1457 1197 1502 esse
1226 1459 1291 1502 ma-

172 1540 316 1607 nifestum
337 1549 385 1605 cst
412 1557 454 1602 cx
476 1537 598 1615 ceteris,
622 1556 698 1620 qnae
720 1534 829 1616 affert3
860 1549 1021 1624 utrumque
1050 1551 1150 1605 autem
1172 1541 1291 1625 peperit

173 1643 313 1729 ambigna
344 1641 458 1726 primae
485 1637 644 1737 positionis
671 1636 799 1723 species.
847 1639 943 1705 Simili
976 1663 1081 1707 errore
1103 1641 1208 1728 Latini
1226 1663 1290 1706 non

62 1821 68 1834 ⁸
173 1745 271 1812 solnm
292 1764 402 1830 graeca
423 1755 532 1808 neutra
557 1743 592 1807 in
612 1767 636 1808 α
657 1737 803 1820 exeuntia
832 1744 869 1807 ad
897 1743 1022 1830 primam
1052 1745 1287 1823 transtulerunt,

173 1847 269 1933 brejas
282 1867 407 1934 cynice,
429 1846 582 1923 scbemoe,
606 1846 780 1931 οωγςοίωο,
804 1849 948 1924 orimum,
971 1857 1025 1911 ant
1041 1859 1158 1925 contra,
1181 1857 1291 1934 epoto-

173 1961 272 2028 moto‚
299 1952 485 2036 epitoocoto,
514 1949 681 2014 sedetiam
706 1948 872 2014 masculina
894 1949 1123 2027 effeminarunt,
1147 1961 1291 2028 metreta,

173 2054 330 2139 authepsa,
357 2050 492 2128 cochlea,
516 2062 548 2116 ct
569 2073 587 2116 a
608 2051 774 2137 pluralibus
797 2051 914 2137 graecis
933 2054 1089 2117 finxerunt
1103 2053 1288 2138 orthoptcta‚

173 2157 249 2222 baec
271 2156 365 2235 athla,
389 2155 478 2241 bnjus
500 2155 621 2233 athlas,
642 2155 718 2219 baec
740 2175 879 2230 sesama,
910 2155 999 2241 bujus
1024 2177 1159 2220 sesamae
1167 2158 1214 2241 2l)
1236 2157 1291 2221 iis·

156 2262 302 2346 ,demque
324 2257 503 2342 complacuit
523 2277 542 2320 a
563 2279 651 2322 sacer
671 2279 790 2322 sacrem
812 2268 843 2321 et
864 2277 965 2324 sacres
983 2259 1127 2339 formare,
1151 2279 1292 2344 avesper

174 2384 303 2450 vespere
324 2363 391 2427 sive
410 2359 554 2445 vesperi,
580 2380 599 2425 a
620 2382 717 2445 gener
746 2361 919 2447 generibus.
964 2359 1070 2447 Neque
1091 2383 1163 2427 raro
1184 2361 1290 2451 termi-

174 2468 258 2531 natio
280 2461 459 2529 nominativi
479 2461 604 2547 pluralis
626 2464 741 2528 duobus
763 2465 892 2528 llcxibns
915 2465 1080 2529 cummunis
1103 2486 1223 2529 causam
1244 2476 1290 2529 at·

174 2567 246 2634 tutu
273 2566 485 2633 aberrationis.
544 2565 665 2630 Etenim
696 2586 754 2650 qua
787 2566 906 2632 ratione
935 2567 1062 2651 genitivi
1090 2570 1288 2644 anciliorum,

175 2674 350 2747 clerorum,
374 2670 518 2746 iliorum,
539 2670 749 2745 muccinium,
781 2672 1020 2756 uectigaliorum
1041 2669 1215 2745 uotiuum,
1244 2669 1289 2733 ita

147 2781 150 2785 ’
173 2775 418 2865 Lprcopbronem,
442 2782 477 2835 ut
497 2792 516 2835 a
535 2770 633 2858 μῆλα
645 2768 811 2859 pauliaco
831 2773 1022 2859 produceret,
1044 2771 1182 2859 illexisse
1203 2771 1288 2837 vidc-

175 2890 227 2948 tnr
246 2877 341 2944 fallax
363 2874 525 2941 similitudo
547 2869 703 2940 nominum
734 2874 858 2965 δοῦρα,
889 2869 1055 2964 δοράτων,
1088 2874 1199 2962 γοῦνα
1220 2873 1288 2939 sive

174 2982 290 3049 aeolice
311 2974 398 3069 γόνα
419 2968 556 3067 (γόννα)
583 2970 753 3066 γονάτων.
798 2980 844 3043 Ac
872 2977 1007 3043 vicissim
1036 2976 1088 3040 alii
1115 2988 1189 3052 τοῖς
1211 2968 1288 3047 dod·

174 3088 246 3173 ’ροις
274 3084 419 3149 dixerunt
449 3080 573 3165 Oppian.
605 3082 672 3148 llal.
698 3082 750 3146 lll.
785 3080 860 3147 573.
896 3092 928 3147 et
955 3092 1028 3153 τοῖς
1058 3072 1156 3153 οἴνοις
1184 3079 1232 3169 νζ,
1250 3078 1303 3143 ad.

174 3186 289 3273 Pbryn.
319 3208 350 3271 p.
374 3183 450 3248 211.
480 3183 671 3249 lenocinante
697 3186 828 3249 fortasse
862 3194 989 3249 accentu
1019 3182 1119 3246 minus
1149 3180 1287 3267 legitimo

172 3285 320 3376 γούνων,
342 3280 488 3373 δούρων,
510 3279 619 3354 οἴνων.
663 3286 748 3351 Hand
782 3308 823 3351 ex
852 3287 912 3351 alio
939 3288 1022 3351 fonte
1051 3294 1212 3349 manarunt
1235 3282 1287 3346 da·

173 3392 231 3458 tivi
252 3380 490 3477 ααθνγμοίτοις,
512 3389 676 3474 poematis,
699 3389 956 3475 peripetasmatis,
978 3388 1089 3464 cleris,
1112 3406 1236 3471 quornm
1259 3384 1287 3448 si

172 3493 371 3570 nominativi,
400 3513 474 3577 qnos
498 3490 605 3556 Celsus
628 3491 882 3569 comminiscitur,
911 3501 1109 3577 procinctum,
1127 3497 1287 3574 petasatu-

107 3593 110 3600 ’
174 3606 252 3672 treta,
273 3595 307 3658 in
321 3615 378 3659 usn
393 3595 534 3673 inissent,
557 3594 650 3659 dativi
672 3614 733 3659 non
755 3596 791 3658 ad
814 3595 990 3681 metaplasta
1010 3595 1213 3667 referrentur,
1231 3590 1286 3653 scd

173 3698 209 3762 ad
232 3695 422 3773 heteroclita,
445 3698 525 3762 sicut
545 3698 663 3762 urbium
685 3697 901 3784 regionumque
924 3696 1046 3762 nomina
1066 3696 1090 3784 ἦ
1107 3690 1235 3783 'Epioe
1255 3704 1288 3758 et

164 3795 216 3868 'ool
232 3793 374 3886 Ἐμισα,
395 3796 422 3887 η’
439 3792 575 3868 ‘Tucciae
596 3811 628 3865 et
648 3799 692 3867 coi
709 3796 859 3877 Ὗπατω,
884 3800 1036 3887 Synnada,
1062 3798 1192 3885 Stagira,
1214 3796 1287 3861 Ala·

171 3896 270 3969 banda
298 3913 330 3968 et
360 3902 489 3989 plurima
521 3902 594 3967 talia
621 3903 699 3988 apud
727 3902 884 3987 utriusque
912 3904 1035 3990 linguas
1066 3902 1230 3988 scriptores
1251 3920 1285 3963 v.

173 4071 386 4088 Β*

239 4158 287 4225 24)
302 4156 437 4213 luvenalis
454 4159 611 4212 nominativo
629 4158 717 4223 graeci
734 4158 864 4225 participii
881 4152 1049 4229 χειρονομῶν
1069 4157 1227 4212 assimilavit
1243 4170 1285 4207 ac·

173 4245 321 4301 cusativnm
338 4248 550 4311 cbirooomoato,
571 4253 603 4300 nt
619 4244 771 4327 Xenophon,
791 4242 970 4312 Xenophonte.
1239 4243 1249 4257 ⁸
