2792 4725
303 330 362 397 nn
387 328 576 403 norror.
599 311 814 399 ruuontn.
839 331 876 397 c.
899 330 952 399 tv.
982 334 1010 418 ρ.
1034 332 1065 400 5.
1154 334 1225 403 neo

110 509 241 604 ἄρκτου
256 510 373 580 πνέων
396 512 502 580 Galen.
524 514 624 599 Exeg.
647 536 677 598 p.
702 511 779 578 442.
789 514 818 597 ⁸)
861 512 987 599 Propter
1019 512 1093 579 illud
1114 512 1223 583 εὐπα-

111 616 228 707 τρίδης
248 612 272 702 ἤ
289 612 392 703 νανή,
414 617 492 698 quod
513 616 602 681 attuli
621 616 659 679 ad
679 617 731 701 nj.
754 637 784 699 p.
809 614 883 681 989.
906 616 1076 702 ambignum
1095 628 1143 681 est
1163 618 1222 683 lle·

111 720 231 785 rodian.
255 717 308 782 Vl.
333 718 365 781 1.
387 711 532 805 ἠναίνετο
558 728 706 805 γυναῖκα
732 716 802 784 τῶν
827 712 1059 807 εὐπατριδῶν,
1087 742 1142 805 pro
1165 742 1223 806 quc

111 822 171 887 Dio
194 821 280 884 Cass.
303 818 430 883 LXXll.
455 817 488 884 5.
510 826 659 908 νοναίιια
680 816 868 906 εὐπατρίδα
892 822 964 907 (sie)
986 822 1075 887 dixit.
1119 823 1154 887 ln
1169 824 1223 887 So-
1249 872 1253 881 ,

111 924 227 1011 phoclis
248 923 297 986 El.
321 919 397 986 857.
431 920 577 990 ἐλπίδων
598 915 804 991 κοινοτόκων
831 917 1042 1011 εὐπατριδῶν
1067 920 1224 1016 τ’ῶριογοί

112 1016 311 1091 mascnlinum
335 1035 388 1089 aut
409 1035 575 1090 excusatur
602 1027 693 1091 tacita
722 1028 759 1090 ad
781 1026 919 1091 Orestem
941 1020 1146 1115 εὐπατρίδην
1173 1050 1224 1093 re·

113 1128 238 1208 latione,
257 1138 310 1193 ant
323 1128 486 1213 corrigitur
507 1140 651 1193 accentus
664 1128 831 1193 mutatione
855 1130 970 1206 eadem,
994 1130 1222 1216 quneAntipha·

112 1232 163 1296 nis
182 1231 287 1295 versui
308 1229 419 1293 Athen.
441 1229 493 1295 lV.
520 1229 594 1295 159.
624 1231 661 1295 9.
684 1230 815 1295 adhibita
839 1242 886 1295 est
906 1232 995 1297 metri
1017 1252 1118 1297 eausa.
1164 1232 1222 1303 sed

111 1334 281 1398 Herodotus
303 1332 328 1396 l.
352 1333 406 1399 92.
430 1334 457 1397 si
477 1333 521 1397 ita
541 1332 665 1417 scripsit
685 1343 719 1398 ut
741 1332 895 1418 vulgatum
918 1345 982 1411 est,
1013 1338 1050 1401 ἐν
1071 1332 1222 1425 Βραγχί-

113 1436 193 1528 δῃσι
211 1436 289 1527 τῇσι
302 1433 495 1523 Μιλησίαν,
518 1436 650 1499 animum
671 1435 708 1498 ad
730 1435 852 1500 nomina
867 1437 984 1501 urbium
998 1436 1123 1513 direxit,
1146 1456 1222 1520 quae

112 1561 210 1626 genus
232 1540 408 1604 femininum
431 1560 498 1603 cum
527 1537 741 1603 terminatione
769 1538 934 1604 masculina
956 1542 1147 1626 conjunctum
1169 1538 1221 1601 ha·

112 1642 198 1723 hant,
221 1639 245 1728 ἡ
265 1642 480 1717 Πεσσινούς,
506 1637 530 1726 ἡ
556 1634 691 1726 Trione,
720 1638 949 1727 ἦΚτηοιφῶν
966 1651 1029 1705 etc.
1054 1642 1159 1726 quihus
1181 1642 1222 1706 si-

112 1744 187 1809 mile
206 1742 231 1831 ἦ
251 1737 393 1833 ῥαιοτήρ
414 1744 601 1809 Zenodotnm
623 1742 757 1808 offendit.
803 1742 838 1806 lu
866 1742 956 1827 Soph.
980 1743 1052 1809 Oed.
1083 1742 1120 1807 Τ.
1145 1742 1219 1811 189.

114 1841 143 1913 oi
167 1848 289 1937 χρυσία
314 1842 469 1935 θύνατερ
492 1840 709 1920 deductione
735 1843 877 1930 πέμψον
898 1840 1026 1927 eludo,
1053 1866 1133 1909 nunc
1149 1849 1221 1932 jun·

114 1962 191 2035 gunt
212 1944 328 2019 εὐῶπα
356 1941 466 2017 α’λιιοίν
499 1949 697 2031 similiterque
726 1946 909 2035 Aeschylum
937 1942 1114 2036 εὔμορφον
1138 1944 1223 2035 ιιροί-

112 2077 174 2128 τος
196 2055 309 2119 dixisse
330 2056 433 2140 ajnut3
468 2053 521 2116 sed
551 2050 600 2115 hie
633 2050 669 2113 de
698 2050 831 2114 uictoria
852 2051 969 2136 pulcro
998 2061 1031 2115 et
1058 2052 1224 2137 spectabili

52 2189 55 2196 ·
113 2156 240 2243 (Tacit.)
262 2156 411 2241 loquitur,
441 2175 517 2240 quae
546 2174 610 2217 non
629 2152 731 2236 inepte
760 2145 933 2240 εὔμορφος
967 2154 1041 2234 (nisi
1062 2148 1222 2244 εὐμοιρος

20 2316 23 2320 ,
113 2258 248 2345 scripsit)
270 2258 373 2324 vocari
393 2268 504 2343 potest,
528 2255 689 2340 Sophocles
712 2255 748 2319 dc
769 2254 902 2319 remedio
923 2255 1137 2341 pestilentiae,
1172 2256 1221 2321 eni

114 2363 192 2427 nihil
211 2363 312 2427 minus
334 2360 478 2426 convenit
498 2379 586 2443 quam
607 2354 733 2433 εὐῶπις
756 2352 854 2446 ‹il-ed,
878 2359 946 2446 quia
974 2359 1029 2424 suh
1050 2358 1221 2445 adspectum

115 2487 179 2538 uon
202 2466 291 2530 cadit.
337 2464 439 2549 ltaque
467 2462 560 2527 statui
590 2461 767 2547 Sophoclem
803 2462 960 2548 scripsisse
985 2463 1061 2547 quod
1084 2461 1222 2526 Callima·

102 2567 204 2645 ¹chus,
229 2562 323 2636 Οὐπι
338 2560 460 2634 ῶνασῶ
481 2563 599 2631 εὐῶπι.
643 2563 835 2630 Brnneldano
857 2575 1025 2630 commento
1045 2560 1070 2650 ἦ
1090 2559 1223 2650 εὐῶπηε

113 2691 158 2735 ex
175 2671 302 2736 adverso
323 2670 452 2754 positum
474 2676 533 2743 cst,
557 2667 633 2751 quod
654 2666 828 2734 Athenaeus
849 2667 915 2732 Vll.
939 2663 1015 2734 277.
1039 2666 1077 2730 D.
1101 2687 1119 2731 e
1140 2665 1222 2731 Tita·
1301 2748 1307 2758 Ι

114 2772 273 2837 nemachia
293 2772 382 2838 affert
401 2770 530 2839 πλωτοί
560 2764 766 2860 χροσῶπιδες
792 2761 911 2860 ἰχθύες
942 2766 1032 2838 ello!
1055 2789 1111 2854 pro
1141 2791 1222 2860 χρο-

115 2870 253 2950 uolnere.

625 2958 654 3042 fi.
678 2957 709 3024 5.

202 3079 354 3143 Hactenus
385 3077 560 3144 enumeravi
590 3075 728 3160 exempla
762 3073 902 3140 licentiae
928 3072 1131 3150 irrationalis,
1164 3093 1222 3157 qua

117 3178 249 3267 epitheta
270 3180 434 3246 masculina
456 3201 523 3244 cum
544 3177 742 3244 substantivis
774 3176 918 3243 feminino
940 3175 1046 3264 generi
1066 3173 1222 3260 adscriptis
1306 3242 1308 3252 ,

186 3453 215 3522 8)
231 3452 370 3506 Aceentunr
390 3449 450 3509 ,τῶν
467 3448 581 3522 ἐτησίων
607 3451 728 3503 certatim
754 3449 878 3502 adnotant
905 3445 1071 3510 Grammatiei
1090 3459 1117 3499 v.
1132 3443 1220 3497 Goett-

117 3540 182 3604 ling.
201 3540 233 3591 de
244 3538 305 3592 Aee.
319 3551 344 3608 p.
361 3539 419 3595 112.
440 3539 520 3606 quisi
535 3539 636 3590 ratione
649 3537 774 3589 fundatus
789 3542 839 3598 est,
857 3534 996 3585 eommunis
1010 3547 1067 3584 esse
1082 3531 1158 3583 dehet
1170 3546 1221 3582 onr-

117 3626 195 3676 nihun
208 3634 342 3679 ventorum
362 3626 506 3677 nominibus
528 3625 567 3677 sie
582 3623 741 3683 terminetis,
760 3621 855 3689 quihus
869 3618 1006 3685 conjugata
1021 3625 1083 3670 sunt
1093 3617 1223 3682 adjectiva

117 3712 146 3762 in
157 3691 214 3773 ῖοῖ,
222 3710 360 3782 ’ἕνοδρίαα
377 3709 576 3779 έίίησποντίαε,
588 3704 732 3778 dispertias,
743 3708 913 3775 πρνμονίαε,
925 3707 1072 3777 perventae.
1105 3705 1144 3756 Ac
1158 3704 1222 3756 nori-

116 3797 191 3848 hitur
204 3799 244 3848 itu
262 3795 318 3852 τῶν
335 3793 492 3868 α’παριιτίαν
503 3798 613 3849 Aristot.
627 3795 736 3849 Meteor.
753 3792 785 3844 ll.
805 3794 831 3845 9.
849 3807 875 3858 p.
891 3791 953 3854 397,
973 3790 998 3845 7.
1019 3789 1111 3843 Galen.
1124 3789 1220 3841 Comm.

118 3883 146 3934 in
161 3883 236 3952 Hipp.
252 3885 283 3935 de
296 3883 370 3935 llum.
385 3882 428 3934 111.
450 3883 492 3944 te,
511 3883 571 3936 tte.
591 3881 624 3934 'l'-
636 3875 709 3934 XVi.
725 3880 771 3931 sed
784 3886 811 3930 et
824 3878 869 3929 uhi
889 3877 962 3929 nulla
983 3885 1024 3930 est
1043 3861 1225 3946 syneinptosis,

116 3965 174 4022 τῶν
185 3971 315 4040 ἕανιφίαν
330 3968 458 4035 Theophr.
478 3969 510 4019 do
526 3965 604 4021 Veut.
624 3969 669 4029 49,
690 3965 751 4020 777.
771 3972 849 4032 atque
870 3963 896 4016 ln
915 3965 966 4017 ulio
984 3965 1047 4017 adeo
1065 3978 1159 4027 genere
1179 3978 1222 4014 uo·

117 4055 216 4106 minum
231 4051 286 4109 τῶν
301 4057 455 4122 καρχαρίαν
472 4055 498 4104 in
512 4054 584 4106 codd.
598 4054 694 4105 Athen.
714 4053 761 4106 [Χ.
776 4053 837 4106 493.
857 4052 887 4104 Β.
925 4050 976 4102 Sed
993 4057 1020 4101 et
1036 4055 1126 4101 contra
1146 4063 1223 4112 regu·

117 4140 171 4192 leun
185 4137 243 4194 τῶν
259 4136 373 4209 ε’τηοιῶν
387 4139 472 4192 Schol.
486 4139 572 4208 Apoll.
594 4138 626 4192 11.
647 4141 707 4193 599.
728 4140 779 4192 etsl
798 4139 871 4190 venti
895 4138 978 4204 ipsius
996 4151 1086 4186 nornen
1104 4149 1224 4185 nonuun-

118 4241 195 4294 quam
209 4227 351 4280 armodius
361 4227 459 4280 dieitur
470 4222 502 4282 οἱ
520 4221 627 4297 ε’τὴοιοι
641 4242 668 4280 v.
681 4225 862 4280 Friedennaum
878 4223 911 4276 ad
924 4221 1012 4276 Strah.
1029 4237 1055 4290 p.
1076 4220 1135 4274 999.
