2792 4725
271 349 329 414 nn
358 344 555 413 nunnee.
587 342 791 413 sunnon.
822 348 851 431 s.
875 346 908 412 ι.
1110 348 1155 413 ιιι

80 542 211 599 assumtum
230 550 297 595 csse
319 530 351 592 in
373 528 471 593 locum
500 526 614 612 antiqui
636 525 795 590 crebrmco
816 526 865 609 (ut
885 525 1053 613 nigresco),
1083 549 1155 613 quo·

77 636 141 700 nodo
161 632 355 707 substillum,
370 634 414 715 ¹⁴)
438 631 657 716 praestigiae,
683 648 805 714 proso,
839 628 1073 720 onqmoaipocl
1113 632 1157 699 At

76 740 155 803 eadem
178 736 262 800 litera
290 733 461 818 geminatur
492 753 554 796 non
582 731 678 797 solum
702 731 735 795 in
758 730 873 794 crebro
894 740 927 795 et
946 732 1071 811 madro,
1101 736 1156 800 scd

75 841 143 905 ctiam
160 838 190 901 in
209 834 382 901 derivativis
412 834 560 913 emonam,
585 835 749 922 probrum.
794 832 898 919 ltaque
919 834 997 919 quod
1022 850 1157 927 sparpa,
1250 864 1255 877 ·

73 940 239 1029 riplopotqo,
265 936 424 1025 κραῠρος,
447 937 479 1001 in
502 938 652 1002 communi
668 936 800 1000 omnium
815 956 874 1001 usu
886 948 1050 1003 versantur
1066 948 1156 1027 elque

71 1046 126 1109 odeo
151 1044 265 1127 antique
292 1041 393 1106 Atthis
420 1034 610 1128 ναύκραρος
640 1038 755 1125 recepit
775 1061 830 1125 pro
849 1031 1049 1126 ναύκληρος,
1071 1054 1102 1107 et
1122 1044 1155 1109 in

73 1146 186 1231 lmcript.
208 1146 369 1231 Tegeatica
389 1143 430 1209 N.
449 1142 545 1220 1513,
567 1144 598 1207 b.
619 1164 651 1207 v.
680 1142 734 1218 15,
761 1140 836 1207 700.
879 1142 1079 1230 Kpoocoieoe
1101 1168 1156 1231 pro

69 1248 254 1336 Klopeooicoe
280 1268 340 1313 non
355 1246 465 1323 obstat,
488 1244 646 1331 quominus
668 1242 798 1333 Φααρία
822 1266 854 1309 v.
873 1244 980 1310 Corais
1000 1247 1038 1310 ad
1059 1244 1152 1313 lsocr.

69 1373 90 1435 p.
111 1351 173 1415 137.
196 1344 387 1437 δρύφακτος
403 1348 460 1435 Ξ5),
481 1344 724 1437 χαλκεομίτωρ,
754 1346 946 1433 Gereonio,
975 1344 1156 1440 θιπόβρα-

68 1477 111 1526 σας
129 1452 251 1539 Hesycb.
276 1452 393 1517 aurium
420 1450 517 1535 gratia
529 1450 623 1515 ascita
638 1472 706 1515 esse
724 1451 899 1531 credamns3
928 1472 998 1515 nam
1012 1472 1156 1538 persaepe

69 1557 213 1631 usuvenit,
233 1564 269 1619 ut
290 1555 462 1621 fastidiosus
486 1552 538 1617 illc
560 1552 727 1617 concinnae
747 1552 971 1637 compositionis
994 1576 1102 1619 sensns
1123 1556 1156 1620 in

68 1668 159 1742 tenpus
179 1658 319 1722 hebescat
340 1678 414 1721 mox
434 1655 619 1722 revicturus.
664 1654 730 1719 Nec
745 1654 948 1740 scrupulosius
963 1677 1154 1741 quaeramus,

68 1780 108 1823 cur
129 1760 158 1823 in
175 1770 323 1846 patesco,
346 1758 467 1845 sobrie,
503 1756 614 1822 omissa
643 1757 684 1821 sit
705 1757 807 1835 litera,
837 1780 914 1843 quac
935 1758 968 1823 in
999 1758 1155 1844 resectae,

67 1862 163 1925 orditer
191 1874 250 1928 etc.
285 1872 406 1946 practer
435 1860 647 1926 necessitatem
676 1870 809 1924 assumta
838 1871 904 1937 est,
941 1862 1020 1927 sieut
1048 1860 1157 1926 Gracci

67 1962 171 2028 annum
192 1966 228 2028 ad
261 1962 431 2050 aequorei,
460 1954 641 2053 μορμύρα,
667 1960 867 2050 μαρμαίρα,
896 1964 1066 2029 relerentes
1094 1985 1158 2028 ma·

68 2065 165 2130 luerunt
185 2059 366 2155 dopdoirrtot
398 2066 498 2131 dicere
528 2088 615 2152 quam
637 2059 797 2133 δαδιὶπδα
820 2063 871 2128 vel
896 2059 1093 2155 δαβδᾶπτσι.
1114 2102 1158 2115 -·

66 2165 97 2231 lle
113 2169 284 2256 sigmatismi
305 2170 377 2255 fuga
398 2168 525 2234 Vossius
547 2169 583 2233 ad
604 2168 643 2233 H.
667 2164 932 2232 uincentes.
954 2169 1106 2235 subtiliter
1125 2179 1158 2234 ct

68 2282 150 2354 argute
170 2272 303 2353 disserit,
333 2272 495 2337 Homerum
518 2282 549 2336 et
568 2280 603 2336 ut
625 2272 750 2355 quisque
772 2270 838 2354 ejus
859 2270 951 2335 luerit
972 2270 1155 2354 simillium,

67 2381 110 2437 tn
128 2375 256 2442 studiose
281 2375 395 2461 fugisse
416 2375 532 2456 sibilos,
555 2384 591 2438 nt
611 2394 709 2458 neque
730 2371 828 2460 posui
850 2373 945 2464 σῇσι,
975 2395 1073 2458 neque
1094 2367 1158 2442 ott-

68 2497 130 2554 αισι,
159 2501 256 2564 neque
289 2475 535 2564 σεσοφισμένος
562 2486 615 2541 aut
642 2475 724 2540 abad
755 2474 824 2560 quid
852 2474 899 2540 bis
927 2497 982 2562 per
1001 2487 1035 2542 et
1058 2477 1157 2542 simile

65 2577 242 2647 admitterent.
292 2580 350 2645 Sed
366 2579 440 2644 haec
454 2578 600 2644 scribenti
619 2578 798 2644 exciderant
816 2576 968 2644 homerica
988 2577 1159 2668 κρείσσοοι

70 2714 251 2730 ἡ--ι-Δ-..ιιι

117 2779 157 2848 tt)
171 2781 222 2835 lloc
240 2783 331 2852 aptius
354 2789 396 2836 est
410 2797 496 2852 qnam
514 2796 580 2850 quaa
599 2781 771 2835 Schneiderus
788 2789 923 2834 enumerat
939 2779 1054 2834 Gramm.
1072 2781 1105 2835 ’1.
1122 2780 1155 2836 ll.

70 2877 86 2926 p.
101 2865 151 2922 stt.
175 2876 201 2920 et
224 2871 286 2923 508.
312 2868 444 2932 fretellus,
469 2870 575 2922 libellus
598 2876 648 2922 etc.
674 2869 737 2936 qnia
759 2868 838 2920 litera
854 2875 868 2920 t
883 2869 912 2921 in
928 2869 1060 2936 primitivo
1078 2874 1158 2922 mee

69 2962 103 3000 non
117 2952 185 3016 inest,
204 2957 250 3020 sed
268 2956 396 3007 remansit
413 2971 447 3006 ex
463 2956 645 3008 terminatione
663 2959 827 3008 bombum.

120 3037 159 3104 15)
177 3039 289 3092 Veteres
313 3042 480 3109 compositum
510 3057 567 3094 csse
598 3049 709 3109 putant,
741 3040 914 3093 Schneiderus
945 3048 973 3093 et
1000 3041 1156 3094 Sebaelerus

73 3119 93 3170 ad
106 3119 164 3176 Plut.
183 3125 213 3179 Τ.
236 3125 271 3179 V.
296 3125 340 3180 38.
365 3127 473 3194 simplex
496 3141 513 3178 a
536 3127 616 3179 verbo
638 3117 780 3198 bpopoioem
797 3127 841 3178 vel
857 3122 981 3197 δρσφᾰζα
999 3128 1155 3190 derivatum,

74 3207 101 3255 cui
111 3209 257 3275 includendi,
277 3212 393 3281 sepiendi
407 3211 618 3278 significationem
630 3211 752 3263 tribuum
764 3220 870 3266 auctore
876 3211 1043 3282 Lycophronc
1055 3229 1081 3266 v.
1092 3215 1156 3270 238.

75 3287 123 3360 llll}
140 3295 320 3369 κατεδρῦφαξκ
352 3290 495 3366 δαιτῦχοοα
517 3288 600 3367 pavois
622 3305 650 3350 et
673 3311 701 3350 v.
726 3296 788 3351 tec.
813 3299 910 3368 στέρνα
932 3295 1159 3371 dedecoramus,

76 3379 120 3439 trud
134 3389 236 3450 utroque
251 3386 309 3436 loco
323 3385 478 3437 scholiastae
492 3385 699 3452 interpretantur
716 3377 872 3452 ἅσφσλίσαι,
888 3384 1075 3440 κατακλεῖσαι.
1106 3385 1158 3437 Sed

78 3459 201 3520 desecando
218 3471 274 3522 loco
288 3471 455 3542 'apertissime
473 3478 564 3523 errant
577 3470 727 3536 omninoque
743 3470 788 3537 qui
799 3469 896 3522 lactum
908 3472 953 3534 sit,
972 3479 1004 3524 ut
1015 3461 1159 3543 δρκφᾰσσα

76 3553 112 3601 ltu
131 3563 244 3608 remotam
270 3571 287 3608 a
310 3557 442 3623 primitivo
473 3554 584 3626 δρύπτσι
614 3555 825 3622 significationem
849 3559 987 3626 acceperit,
1020 3557 1084 3610 adeo
1107 3574 1158 3609 non

77 3641 137 3695 ptest
148 3642 263 3706 intelligi,
281 3649 313 3693 ut
327 3644 414 3710 priore
427 3645 483 3696 loeo
495 3638 675 3712 ιιατιδρῦφαξι
685 3658 732 3709 pro
742 3640 879 3709 κατέξαινε,
893 3644 1062 3710 cordevesos,
1075 3645 1157 3698 attri-

75 3721 110 3780 111,
128 3725 258 3790 qfflietooe't
281 3730 394 3796 positum
419 3731 531 3792 credam,
558 3729 608 3780 nisi
633 3727 769 3798 Lycopbro
792 3727 847 3795 ipsc
871 3730 957 3797 specie
979 3730 1158 3784 similitudinis

77 3802 169 3874 deeeptus
188 3815 267 3866 verba
292 3816 471 3868 diversissima
495 3810 636 3885 δροφσίσσα
659 3821 688 3866 et
712 3810 853 3884 δρσφαατῶ
877 3815 995 3868 confudit
1014 3819 1158 3870 autetiam

77 3891 243 3968 Μαριῖψασκι
269 3903 382 3969 scripsit.
433 3900 558 3954 Veterum
588 3900 743 3952 senteutiam
769 3899 903 3952 confirmat
926 3911 1063 3966 accentus3
1098 3920 1157 3956 nam

77 3973 148 4044 tllqne
169 3986 290 4038 scribitur
312 3983 463 4060 δρύφακτος
479 3994 510 4039 ut
527 3973 720 4052 ξυλόφρακτος,
742 3986 794 4037 etsi
810 3989 969 4041 contrarium
981 3987 1061 4054 jubet
1075 3992 1156 4043 Arca-

79 4055 120 4112 dius
132 4079 153 4133 p.
168 4069 208 4131 83,
227 4071 268 4126 15.
289 4073 334 4140 qui
352 4072 463 4126 fortasse
476 4073 550 4135 illud,
570 4070 633 4140 quia
646 4071 805 4123 substantivi
822 4073 983 4128 intellectum
997 4076 1086 4138 babet,
1104 4076 1156 4127 alio

78 4149 136 4236 {¹2th
155 4154 275 4219 adjectiva
292 4167 401 4212 accentu
418 4159 556 4212 nomndum
581 4161 705 4226 putavit;
729 4167 844 4214 ceterum
862 4161 917 4228 ipse
934 4163 1080 4231 compositis
1095 4161 1155 4214 sub·

78 4233 151 4299 Vult,
166 4255 212 4292 non
227 4245 394 4313 simplicibus,
414 4261 481 4316 quae
498 4247 574 4314 paulo
593 4254 653 4300 ante
671 4247 841 4300 enumeravit.
