2792 4725
154 312 226 382 153
363 363 367 369 .
398 349 402 361 =
514 311 837 381 otssuttrat'to
864 312 911 380 11.

154 494 185 558 id
206 504 255 558 est
274 487 438 576 σδπνοασ,
463 493 501 558 dc
522 515 581 579 quo
601 493 675 558 mihi
696 515 758 559 non
781 491 925 558 convenit
946 512 1013 556 cnm
1035 491 1206 558 Hermanno
1229 495 1267 559 aci

154 595 282 661 Philoct.
312 594 388 660 817.
425 595 662 682 ἐπαντσφαδές
689 592 747 663 ἐπ’
776 591 963 683 αὐτοφώρῳ
993 595 1126 681 Hesych.
1157 597 1208 680 qui
1236 609 1278 662 et
1314 583 1317 588 ’

102 685 109 704 ’
155 697 324 763 calceorum
346 719 456 763 nomen
477 693 675 788 αὐτοσχεδές
696 698 785 762 affert
806 709 838 762 et
855 695 1017 788 ὀἱσχαδές,
1040 699 1117 782 quod
1136 693 1269 785 σῖμοτσί-

154 824 274 890 σχετσν
291 801 523 886 interpretatur,
543 803 597 864 secl
612 801 715 886 Etym.
728 801 770 864 Μ.
791 795 1042 878 ἀκατάστατον,
1062 800 1147 882 quasi
1166 798 1270 869 α’στα·

154 902 209 977 eea
224 903 369 988 legisseta
391 904 497 988 quibus
515 904 654 988 adjuncta
673 913 746 966 sunt
765 901 962 967 dentcroolita
983 901 1110 992 σχέδιος
1120 903 1161 988 ⁹),
1184 895 1271 970 ccci·-
1300 943 1322 971 s

154 1003 237 1084 διος,
258 997 421 1087 ἐατδδιος,
443 997 629 1092 ᾰμφσίδιος,
651 1001 878 1080 α’ποσποὶδισς,
901 1002 1058 1091 φδέδισς,
1080 1003 1268 1096 πασσυδίῃ,

136 1104 302 1196 maiman,
324 1109 384 1173 nisi
401 1108 459 1173 hoc
480 1100 621 1196 σβλδζα
637 1119 776 1192 repetere
790 1108 937 1172 malumus
962 1118 996 1171 ut
1017 1128 1035 1170 a
1056 1099 1142 1196 χσῖζα
1165 1103 1269 1196 εδρνέ
1387 1175 1390 1182 ,

153 1202 275 1301 χαδής,
288 1244 291 1248 ⁴
306 1212 383 1296 quod
404 1211 555 1275 Lucienus
581 1210 795 1296 reprehendit3
819 1213 922 1294 tneque
949 1210 1119 1294 impediam,
1146 1211 1173 1275 si
1200 1211 1268 1295 quis

153 1312 253 1405 ῥαδές
280 1309 320 1380 τδ
347 1308 550 1400 α’μφστέρας
579 1308 832 1399 (ἀμφοτέρωσε)
861 1309 1065 1399 κλινόμενον
1092 1313 1164 1378 Hes.
1196 1309 1270 1400 οἶμ·
1372 1303 1376 1310 ’

30 1501 33 1505 ¹
153 1410 320 1507 φιρρηδής
337 1428 369 1480 et
384 1412 588 1505 τιεριρρηδὴς
604 1437 672 1480 cum
689 1417 783 1480 verbo
802 1414 864 1502 ῥέα
882 1415 1008 1500 (root),
1028 1415 1130 1506 ρέιτα,
1148 1413 1270 1504 ῥέοντα,

153 1518 274 1605 iccirco
301 1530 429 1604 cognata
454 1529 550 1604 putet.
596 1521 693 1603 Atque
721 1519 758 1582 ab
786 1518 843 1581 hoc
866 1517 1022 1582 rarissimo
1051 1519 1269 1603 adjectivorum

154 1643 267 1707 genere
289 1622 374 1687 nulla
395 1622 503 1686 existit
523 1642 672 1706 propag03
702 1641 772 1684 nam
794 1619 981 1710 διαρρνδοῖν
1002 1621 1112 1685 Aesch.
1132 1621 1266 1704 Choeph.

153 1721 208 1790 67.
232 1745 330 1809 neque
350 1746 404 1809 pro
423 1722 628 1813 διαρραδῆσν
649 1723 744 1808 accipi
765 1743 862 1807 neque
881 1735 1022 1787 neutrum
1040 1723 1188 1809 participii
1208 1724 1269 1791 diei

152 1837 274 1911 potest3
315 1827 511 1892 Scholiastam
540 1819 663 1915 διαρῥύ
705 1848 728 1891 ν
756 1825 869 1909 legisse
898 1827 1028 1890 ostendit
1054 1824 1269 1908 interpretatio

153 1927 335 2020 διαῤῥέαν,
369 1950 428 2013 quo
457 1929 545 1993 modo
575 1929 718 1993 adverbia
747 1927 891 2012 explicari
921 1929 1039 1992 salente
1083 1921 1263 1995 σῖσσσσταδοέ

151 2027 343 2119 darocam
359 2031 462 2097 Schol.
477 2032 514 2096 ll.
533 2032 577 2099 0.
592 2029 667 2095 556.
689 2025 894 2118 α’μβσλιέδην
910 2023 1115 2118 σῖναβιέλλοιν
1130 2029 1265 2118 Hesych.

151 2126 303 2209 ἐντνπιέσ
322 2132 607 2226 περισσφιγμένοσ
628 2132 731 2198 Schol.
753 2133 854 2218 Apoll.
878 2132 905 2199 Ι.
926 2131 1004 2201 264.
1049 2133 1108 2198 Sed
1131 2153 1269 2198 resuma-

150 2259 219 2304 mus
240 2259 323 2304 orsa.
646 2285 653 2292 -

663 2425 694 2511 a.
719 2426 753 2494 a.

237 2545 435 2632 Comprobato
456 2544 568 2629 igitur,
597 2546 779 2631 adjectivum
801 2539 938 2631 οταδός,
968 2547 1053 2632 cujus
1074 2545 1267 2613 accusativus

150 2650 184 2715 iu
203 2641 311 2717 στσῖδα
329 2648 538 2733 transfigurari
560 2659 675 2734 posset,
698 2649 793 2713 fuisse
813 2649 941 2730 nullutn,
967 2650 1265 2735 circumspiciendum

150 2766 199 2819 cst
220 2753 300 2819 alind
322 2752 476 2838 effugium.
517 2751 582 2816 Nec
604 2753 714 2819 desunt
735 2751 840 2817 duces.
880 2752 999 2817 Etenim
1022 2752 1190 2836 complures
1212 2773 1266 2816 ve-

151 2868 250 2922 terum
273 2851 380 2923 σταδα
401 2854 476 2919 illud
496 2865 649 2939 amputato
670 2855 766 2940 capite
789 2877 830 2920 cx
848 2850 996 2923 σύσσσέδα
1018 2856 1157 2922 extitisse
1179 2855 1268 2939 ajunt

86 3020 90 3029 .
150 2962 254 3024 eadem
266 2958 396 3035 ratione,
416 2979 474 3043 qua
490 2952 617 3045 ἠνορέη
634 2979 688 3041 pro
705 2953 868 3047 εὐηνορέη
886 2958 1078 3023 substitutum
1091 2959 1132 3021 sit
1146 2956 1262 3021 Anecd.

149 3084 180 3149 ρ.
205 3061 300 3129 1242.
325 3062 428 3147 Etym.
451 3061 494 3125 M.
519 3083 549 3145 p.
573 3059 656 3137 432,
680 3060 734 3125 35.
777 3062 870 3147 Cujus
893 3061 1062 3127 sententiae
1085 3059 1187 3124 auditu
1209 3062 1266 3125 mi·

147 3165 252 3229 rabilis
262 3164 532 3229 Grammaticorum
548 3165 713 3229 secundum
722 3162 931 3228 Aristarchum
945 3162 1159 3240 nobilissimus,
1173 3164 1266 3248 Apol-

148 3267 269 3343 lonius,
300 3266 403 3331 nescio
427 3287 467 3329 an
490 3277 616 3343 auctor,
646 3276 731 3331 certe
756 3268 964 3351 comprobator
988 3265 1056 3329 fuit.
1102 3264 1158 3327 Hic
1182 3265 1265 3331 enim

147 3370 186 3437 tc
208 3368 297 3454 Gcnj.
321 3391 351 3453 p.
374 3366 451 3434 499.
477 3370 566 3433 etde
587 3350 720 3433 Aduerb.
745 3391 774 3454 p.
800 3365 875 3431 546.
903 3348 1038 3453 oluscula
1058 3368 1204 3432 vocabula
1225 3370 1265 3433 ad

148 3471 280 3555 speciem
307 3470 454 3555 simplicia
483 3493 500 3536 c
529 3471 700 3555 compositis
730 3481 801 3533 nata
828 3480 930 3554 putat,
966 3465 1107 3557 ἠνορέη,
1138 3466 1265 3557 σαφής,

44 3594 50 3613 ·
149 3567 292 3660 φιαδής,
314 3586 472 3662 φρονεῖν,
493 3573 755 3659 argumentatione
777 3571 965 3657 hujusmodi:
996 3594 1022 3676 a
1034 3569 1124 3661 φρήν
1145 3573 1173 3639 si
1193 3594 1265 3640 ver-

212 3860 245 3927 ,9)
265 3862 420 3915 Eustachiua
437 3880 463 3931 p.
484 3863 567 3924 tcta,
587 3861 630 3914 3⁵.
651 3866 723 3911 recta
741 3852 843 3925 σχέδισο
860 3872 876 3909 a
893 3854 990 3927 σχεδόν
1007 3869 1093 3914 ortum
1110 3864 1188 3924 dicit,
1214 3879 1264 3916 uon
1290 3885 1294 3893 ·

147 3954 254 4010 contra,
280 3956 311 4001 ut
329 3949 432 4017 quidam
449 3945 545 4002 ἐνῶπα
564 3949 596 3999 ab
614 3941 720 4001 ἐνώπια
741 3950 826 3994 ortum
844 3952 987 4009 putarunt3
1018 3948 1094 4015 idque
1112 3950 1264 4001 confirmant

146 4034 226 4085 etiarn
243 4035 368 4087 adverbia
384 4049 525 4104 paronyma
543 4034 631 4085 eodem
649 4031 781 4081 traducta.
818 4028 906 4096 Etym.
928 4030 996 4082 Gud.
1016 4050 1040 4101 p.
1062 4036 1128 4096 308,
1149 4036 1190 4088 15.
1214 4054 1265 4090 κοι-

146 4116 367 4190 cordiaecirca*
389 4119 439 4177 τοῦ
461 4110 628 4191 κατωμαδόν
651 4110 686 4168 co‘s
705 4109 815 4179 ιῖφαδδν
831 4110 957 4188 ἐμπέδιον
978 4119 1057 4169 scrib.
1082 4116 1118 4173 oie
1133 4115 1265 4190 ἀμφαδόν

145 4202 297 4277 cimices,
309 4204 424 4263 εἰισαδόν
437 4205 569 4264 iudicor.
590 4202 664 4259 atta
677 4200 718 4255 his
732 4188 899 4267 ἐσωμέδιοτ,
912 4198 1074 4271 tanatem,
1086 4200 1265 4274 ιῖμοιβέδιοτ.
