2792 4725
983 167 1013 214 Ι

172 321 242 392 tet
286 311 293 317 ⁰
515 317 836 385 ntssnltTArtc
865 318 930 386 lll.

169 501 325 592 βρεφέον
341 498 478 568 πολλῶν
494 501 608 585 εἴρονα
625 497 764 585 μέσσον
785 499 842 567 καλ
859 499 969 568 ταῦτα
986 499 1038 588 μή
1059 504 1197 592 ἔχοντος
1219 498 1280 571 οὐ·

168 605 233 673 τοῦ
251 599 428 690 οὐδετέρου
443 593 787 692 παρασχηματισμόν,
807 605 887 677 ἴσως
905 601 958 672 ‹lcol
975 602 1015 670 τό
1030 605 1160 691 μέτρον
1175 605 1275 671 Schol.

168 708 318 772 Theodos.
336 704 449 770 Anecd.
467 728 497 790 p.
516 702 610 769 1108.
636 704 809 768 Callimachi
830 726 949 793 versus,
973 727 1059 791 quem
1075 707 1278 773 Blomlieldius

169 811 291 897 Fragm.
312 809 352 874 N.
376 807 451 874 407.
478 828 520 872 ex
544 807 611 872 solo
634 807 764 872 Lascarc
789 808 898 888 edidit,
929 809 962 872 in
983 810 1098 874 Anecd.
1123 803 1275 876 Cram.'l.

169 913 245 980 413.
268 913 314 978 sic
332 911 460 995 scriptus
483 920 530 974 est
550 905 625 976 ἀλλ’
646 906 725 976 α’ντλ
745 909 900 998 βρεφέων
921 907 1042 978 πολιῶν
1060 911 1142 979 νέον
1163 916 1278 998 einero

167 1017 315 1106 μέσσον,
340 1014 425 1097 isque
446 1014 671 1098 conjungendus
693 1013 815 1078 videtur
836 1033 903 1076 cum
925 1013 1045 1099 Fragor.
1070 1012 1145 1080 304.
1168 1016 1277 1102 μητέ-

167 1143 230 1208 ρας
250 1117 451 1197 ἐξεκένωσαν
472 1107 678 1202 ἐκούφιοσῶν
698 1141 736 1181 τε
756 1112 922 1202 τιθήνας,
952 1116 1028 1200 qnod
1052 1115 1104 1180 ille
1129 1121 1184 1184 trel
1206 1119 1277 1186 τῶν

166 1217 394 1306 ἀπολομένων
421 1215 555 1303 νηπίων
581 1217 659 1282 dixit
687 1239 719 1281 v.
745 1217 874 1303 Gregor.
902 1217 1002 1282 Schol.
1028 1218 1061 1281 in
1083 1219 1224 1307 Hermog.
1248 1220 1274 1285 l.

169 1322 264 1389 1133.
288 1323 325 1387 Τ.
349 1320 415 1384 Vll.
439 1331 471 1384 et
492 1341 559 1383 cnm
580 1319 700 1405 Fragm.
724 1318 800 1386 200.
824 1321 924 1386 Bentl.
952 1321 1009 1388 ναλ
1028 1316 1130 1410 γόνος
1151 1323 1276 1410 αἰζηῶν

167 1429 266 1515 ἔγραο
286 1419 491 1511 κηδεμόνας,
513 1422 563 1506 qni
584 1443 693 1485 versus
715 1422 841 1488 affertur
861 1424 894 1488 in
916 1423 1017 1488 Schol.
1041 1425 1078 1488 ad
1101 1424 1136 1487 ll.
1157 1425 1196 1492 Φ.
1220 1424 1272 1490 12.

167 1532 221 1595 secl
241 1530 340 1594 reciso
363 1526 507 1611 principio
532 1524 567 1598 ὃς
592 1525 716 1609 αἰζηῶν
742 1529 839 1613 ἔγραε
863 1525 1070 1613 νηιλὲμονας,
1102 1529 1178 1610 quod
1200 1528 1275 1592 hlei·

166 1631 275 1696 nekins
296 1632 332 1695 ad
353 1629 510 1694 Menandr.
534 1651 564 1712 p.
591 1626 663 1691 123.
690 1627 734 1691 ita
755 1630 918 1693 restituere
941 1638 1066 1692 conatur
1089 1632 1215 1715 κλῆρον
1237 1625 1275 1704 ὅς

122 1751 128 1760 ’
165 1734 300 1821 αἰζηῶν.
343 1733 417 1797 Mihi
438 1753 512 1796 vero
534 1730 565 1794 hi
585 1751 694 1795 versus
717 1731 761 1794 sic
783 1732 982 1816 conjungendi
1004 1731 1163 1795 videntur:

237 1831 340 1907 ,Ἀλλ’
361 1831 439 1905 ῶντλ
459 1832 614 1922 βρεφέων
635 1833 771 1901 πολλῶν
792 1832 902 1902 πολῶν
923 1831 1027 1922 εἷρπ’
1047 1829 1188 1922 ῶμησαν

247 2042 397 2131 μητέρας
419 2040 620 2118 ἐξεκένωοον
641 2034 849 2126 ἐκούφιοσῶν
871 2065 908 2107 τε
928 2013 1076 2127 τιθήνας

329 2145 386 2210 καὶ
405 2139 485 2233 γόος
506 2143 630 2247 αἰζηῶν
651 2148 749 2232 ἔγραε
770 2137 959 2230 κηδεμόνας

161 2250 192 2314 itl
214 2259 262 2313 est
282 2270 336 2332 pro
357 2246 460 2310 multis
482 2245 663 2322 infantibus,
693 2266 768 2338 quos
791 2245 893 2309 hostes
915 2245 1104 2327 occiderant,
1135 2247 1270 2314 vicissim

160 2352 271 2416 multos
292 2371 402 2436 pueros
423 2349 651 2414 demessuerunt
672 2359 732 2414 etc.
756 2359 791 2413 ut
810 2347 937 2413 Nonnus
953 2349 1086 2416 XXXV.
1104 2349 1180 2417 267.
1206 2380 1270 2420 τα-

159 2446 284 2539 τῶροος
299 2452 479 2519 κτείνοντα
495 2451 552 2517 καλ
568 2446 733 2537 ῶμῶοντα
750 2464 915 2538 γαναῑτας
931 2474 963 2517 r.
978 2450 1104 2518 Siehehs
1122 2456 1158 2519 ad
1174 2454 1265 2519 Paus.

105 2582 108 2589 ·
160 2556 241 2621 vtll.
262 2553 295 2634 7,
312 2552 387 2620 223.
424 2551 528 2638 Neque
549 2555 680 2618 alienum
702 2555 795 2619 luerit
816 2547 958 2621 ὄλετ’σαν
979 2555 1123 2619 scrihere.
1154 2559 1267 2645 Εἴρην

159 2670 382 2745 paroxytonum
408 2667 456 2720 est
482 2656 633 2720 Plutarch.
658 2655 697 2720 V.
724 2656 798 2743 Lyc.
822 2656 921 2720 XVll.
951 2658 1052 2743 Etym.
1076 2658 1118 2723 Μ.
1148 2658 1263 2723 Anecd.

158 2762 282 2827 Bachm.
303 2759 343 2824 ll.
366 2758 441 2825 335.
465 2758 581 2823 Anecd.
604 2758 699 2823 Belrk.
724 2782 753 2843 p.
779 2758 874 2824 1108.
903 2761 980 2843 qnod
1002 2759 1134 2825 sirecte
1156 2782 1190 2824 se
1212 2760 1264 2824 ha·

157 2866 225 2940 hot,
256 2860 456 2927 Callimachus
476 2864 571 2948 οἴρην
592 2884 646 2946 pro
668 2862 817 2947 adjectivo
839 2862 976 2927 hahuisse
999 2862 1118 2927 videtur
1143 2874 1176 2927 ut
1198 2857 1264 2949 ῶρ-

156 2987 221 3054 οην
243 2975 276 3030 et
295 2964 406 3051 τὲρην,
428 2986 504 3049 qnae
526 2976 634 3029 neutro
656 2986 768 3050 genere
791 2986 852 3028 non
874 2974 997 3041 carent3
1028 2961 1067 3030 τὸ
1086 2958 1190 3051 ῶρσεν
1207 2966 1264 3053 γε’-

154 3092 217 3144 νος
236 3068 311 3132 Enr.
336 3067 412 3131 Dan.
437 3067 489 3131 Fr.
513 3067 579 3132 Vll.
603 3066 636 3131 3.
660 3065 789 3154 Σνρλος
809 3065 926 3155 τέρενα
948 3065 1100 3152 τέρματα
1121 3068 1187 3133 sive
1209 3090 1262 3153 po·

34 3251 37 3257 ,
155 3172 218 3237 tius
242 3169 400 3258 φέρματο
422 3169 634 3253 Melanippidcs
659 3170 771 3233 Athen.
793 3169 879 3234 XIV.
904 3166 980 3234 651.
1004 3170 1039 3234 1⁴¹.
1085 3170 1143 3235 Sed
1169 3170 1262 3236 Scho-

133 3265 275 3339 hulam
295 3272 456 3337 Theodosii
478 3264 572 3357 εἰρήν
593 3271 750 3356 scripsisse
776 3292 837 3335 non
860 3272 971 3358 οἴρην,
1002 3283 1123 3357 apparet
1148 3293 1189 3337 ex
1210 3294 1261 3337 re·

155 3378 226 3463 gula
246 3396 322 3461 quae
343 3386 392 3440 est
412 3376 449 3439 tle
470 3375 626 3459 oxytonis.
671 3372 776 3458 Neque
798 3373 855 3437 hoc
876 3373 972 3438 solnm
994 3394 1048 3457 per
1069 3362 1146 3449 ενός
1167 3374 1259 3443 decli.

153 3490 245 3543 netur
268 3478 321 3541 sed
341 3488 373 3541 et
393 3488 528 3563 oxytono
550 3471 655 3562 α’ρήν,
684 3498 781 3561 aquo
801 3476 905 3562 Etym.
929 3476 971 3540 M.
996 3474 1071 3556 377,
1095 3476 1149 3543 22.
1174 3471 1260 3563 α’ρη-

151 3576 318 3667 νοβοονός
339 3578 534 3664 compositum
556 3578 639 3657 dicit,
662 3579 740 3644 hanc
760 3580 988 3645 declinationem
1011 3580 1145 3663 assignat
1162 3578 1259 3665 Phry-

153 3681 260 3745 nichus
280 3680 357 3765 App.
379 3702 409 3765 ρ.
433 3678 466 3757 7,
491 3679 542 3744 11.
571 3672 659 3766 α’ρήν
685 3677 724 3747 τῶ
749 3684 813 3749 τοὺ
839 3674 1016 3770 προβάτου
1043 3686 1186 3770 ἔγγονον
1213 3678 1259 3755 ῶς

151 3774 273 3869 λιμήν,
293 3776 406 3868 ὑμήν,
431 3793 463 3846 et
483 3782 550 3845 lieri
571 3784 644 3847 adeo
666 3793 765 3868 potest
787 3794 819 3849 nt
840 3779 937 3875 εἰρήνΙ
956 3795 987 3849 et
1009 3777 1097 3872 οἶρήν
1118 3796 1179 3849 tam
1200 3784 1258 3849 sihi

151 3886 214 3950 sint
234 3886 333 3950 affinia
353 3905 440 3968 quam
452 3884 582 3968 juocm's
602 3895 635 3948 et
645 3884 767 3969 γἀαίτ,
794 3890 878 3973 cnjus
900 3888 1052 3973 persimile
1074 3892 1183 3953 nomen
1206 3908 1258 3973 ap·

150 3987 235 4073 ponit
256 3986 423 4073 Hesychius
443 3980 577 4073 Ἐρινοῖς
603 3987 747 4074 (ἔρινας)
773 3990 853 4063 νέας
876 3991 973 4078 βοῶς.
1018 3991 1083 4055 Huc
1110 3990 1257 4055 accedunt
1288 4004 1292 4007 ·

151 4092 209 4155 luo
234 4091 303 4157 τῶν
329 4089 671 4176 νοινολεντονμένον.
715 4091 890 4176 Apollonius
911 4094 947 4157 de
970 4092 1061 4157 Pron.
1085 4116 1115 4178 p.
1140 4092 1195 4159 34.
1219 4093 1254 4157 Β.

148 4191 172 4280 a]
187 4191 328 4283 αὐχένος
345 4187 535 4281 παράλογός
553 4196 665 4259 ἐστιν..
678 4194 801 4259 Photins
819 4204 850 4259 et
864 4196 976 4266 Anecd.
994 4194 1089 4259 nekt.
1106 4193 1183 4272 342,
1200 4192 1255 4283 20.
