2792 4725
282 324 341 391 on
363 323 550 390 norror.
575 322 791 397 ruuocrr..
824 280 946 391 cru.
971 326 999 411 §-
1022 325 1054 391 t.
1161 326 1231 393 mr
1266 357 1270 370 ·

118 527 150 591 p.
174 502 230 573 26.
254 503 382 568 Phaedr.
407 503 480 571 128.
503 505 542 571 Ε.
566 504 620 569 sed
640 504 873 594 παμμεγέθης
894 504 994 570 Porm.
1020 500 1093 571 128.
1114 504 1149 571 B.
1173 505 1232 571 Dc·

114 608 226 672 mosth.
249 628 280 692 p.
299 604 376 683 416,
396 606 449 671 15.
473 603 714 695 ὑπερμεγέθης
736 631 764 693 p.
786 606 862 685 684,
883 606 916 672 d.
939 607 1082 671 Aeschiu.
1103 629 1132 693 p.
1152 606 1228 673 390.
1281 633 1285 639 ’

116 730 193 795 quoe
214 710 329 794 pariter
347 710 460 793 proluat
475 709 585 774 Pollux
606 709 657 775 lll.
681 708 736 775 88.
768 732 833 774 cum
862 710 930 773 aliis
959 721 1059 774 autem
1081 711 1227 777 orationis

115 813 249 897 partibus
270 812 443 876 terminatio
463 812 573 876 mutari
592 813 688 888 solet,
712 806 911 897 εάμέλααος,
934 808 1134 900 εὐμεγέθης,
1147 817 1230 893 ¹loo-

114 914 278 1001 ptcyo'dqc,
300 910 575 1003 άπειρεμεγέθης
596 916 683 978 Sext.
710 936 737 979 c.
760 914 865 993 Geom.
890 935 920 997 p.
940 913 1014 979 324.
1038 916 1230 1005 nolvpccyd-

116 1026 186 1103 θης
208 1017 346 1081 Eustath.
372 1017 481 1101 Opusc.
505 1017 621 1081 XXIV.
647 1014 706 1092 16,
729 1008 805 1082 217.
838 1015 885 1079 oui
908 1016 1030 1101 regulae
1052 1018 1089 1081 ad
1111 1020 1227 1108 Phryu.

75 1116 79 1123 ’
116 1142 148 1204 p.
163 1116 234 1183 166.
251 1120 387 1183 breviter
401 1120 556 1204 expositae
571 1140 667 1203 neque
682 1116 905 1207 α’μεγὲστερος
919 1130 1067 1203 repugnat
1077 1121 1226 1207 Theophr.

116 1222 154 1286 de
177 1222 264 1285 Sene.
289 1243 318 1285 c.
343 1220 403 1297 76,
426 1221 502 1287 678.
527 1242 623 1305 neque
645 1215 772 1309 εὖμεγα
795 1222 955 1285 Leonidam
979 1222 1104 1287 Tacent.
1128 1224 1226 1291 XCV.

117 1325 223 1408 quippe
247 1334 405 1407 corrupta,
436 1324 509 1387 illud
534 1324 719 1387 detractione
745 1324 896 1409 syllabae,
930 1323 986 1388 hoc
1012 1324 1227 1410 conglutinatis
1270 1384 1272 1401 ,

116 1426 283 1507 vocabulis,
306 1427 435 1510 quaein
457 1427 550 1491 Anth.
571 1426 635 1490 Pal.
654 1426 721 1491 Vll.
744 1424 818 1491 566.
843 1436 927 1491 recte
949 1427 1143 1493 dirimuntur.
1183 1429 1228 1495 Ac

116 1528 258 1592 motionis
284 1548 420 1645 quoquc,
451 1549 527 1613 quae
552 1528 681 1604 dicitur,
716 1550 770 1613 per
791 1550 938 1617 genera
930 1541 961 1593 et
982 1532 1110 1614 graina,
1145 1531 1228 1597 nulla

115 1630 311 1714 reperiuntur
338 1629 397 1693 uisi
425 1630 458 1694 in
487 1631 636 1715 parathosi
665 1641 696 1694 et
727 1632 941 1739 compositione
970 1631 1059 1695 debili
1089 1634 1228 1719 exempla

115 1725 403 1832 ραειαρομέλαιαα
423 1733 536 1796 Athen.
568 1732 624 1796 lX.
653 1732 729 1797 395.
731 1710 799 1797 D.
838 1733 1112 1819 ἐραθρομέλαιαα
1138 1737 1224 1802 xlv.

54 1829 57 1833 ⁴
115 1833 193 1898 652.
216 1835 253 1897 Ε.
278 1825 512 1916 coccolleum,
535 1829 757 1914 dumeltuna,
780 1835 1026 1924 τριςμεγιστας,
1048 1838 1227 1928 παμμέγι·

117 1960 196 2010 στος
210 1937 330 2001 Aelian.
348 1937 386 1999 Η.
403 1939 544 2032 Aume.
560 1937 594 2003 2.
622 1937 691 2002 Ναιι
714 1939 866 2001 mobilium
885 1939 1023 2023 exempla
1043 1940 1116 2003 haec
1135 1954 1223 2006 sunt:

115 2037 334 2123 πολεδαράς,
356 2032 585 2121 πολεσπιλάς,
609 2033 794 2127 συνορμάς,
818 2039 1011 2129 σαμφαγάς,
1033 2044 1226 2131 χαλκεμβο-

15 2156 23 2169 “
114 2138 193 2220 lois,
215 2135 442 2230 χαμαιευνάς,
467 2137 689 2231 οὐρεοφοιτάς
717 2156 776 2208 etc.
808 2144 913 2229 quibus
935 2145 962 2208 si
984 2166 1095 2229 genere
1117 2157 1225 2211 neutro

116 2265 190 2328 opos
211 2254 268 2319 est,
292 2247 459 2325 asecuuda
477 2248 677 2312 declinatione
697 2247 838 2323 sumitur,
858 2239 1127 2334 φιλολάμπαδοξ,
1144 2242 1226 2333 ddp-

116 2345 192 2424 δας,
215 2346 373 2434 ἕνάᾳδος,
403 2371 455 2434 αιο
478 2372 536 2434 quo
557 2350 726 2437 Aeschylus
753 2346 851 2436 tudda
872 2351 937 2416 sive
959 2348 1066 2437 ἔαδας·
1085 2350 1222 2415 retinuit.

116 2449 220 2534 Neque
241 2472 334 2534 pauca
356 2473 374 2515 a
394 2453 577 2536 simplicibus
597 2446 760 2541 α’ῥρήτοις
782 2464 879 2517 ortum
902 2452 1028 2530 habeut,
1053 2445 1224 2540 α’ποφράς,

115 2548 294 2631 αἰιοσπάς,
315 2550 505 2635 αααασπάς,
526 2552 691 2634 ὁλοσπάς,
714 2547 915 2642 soccoronio,
942 2547 1096 2630 άποστάς
1117 2553 1136 2622 ὁ
1158 2580 1224 2642 φα-

114 2651 186 2743 γών
206 2656 317 2720 ΑεεαΙι.
340 2658 461 2742 Fragor.
487 2658 625 2721 LXXlll.
648 2655 814 2746 plectrude,
836 2650 1027 2742 παραστάς,
1049 2656 1236 2749 χοροστάς,·

116 2751 257 2841 συστάς,
286 2753 410 2847 ἐμβάς,
440 2759 608 2848 ἕπεμβάς,
645 2783 771 2844 quorum
799 2761 939 2846 pleraque
966 2763 1112 2847 adjectiva
1139 2772 1221 2839 sunt,

114 2863 252 2926 ultimum
279 2863 465 2941 substantive
494 2863 650 2946 usurpavit
675 2862 785 2928 Paulus
814 2864 922 2929 Sileut.
947 2865 1055 2948 Ecphr.
1081 2864 1171 2948 Soph.
1195 2864 1220 2928 l.

23 3032 26 3037 ,
116 2965 190 3029 175.
226 2960 332 3051 ὀρέων
358 2968 426 3051 μὲν
452 2962 648 3053 ἐπεμβάάος
675 2961 751 3032 οὔτε
779 2964 921 3055 χατίζεις
952 2968 1045 3039 (sicut
1071 2966 1135 3042 illi,
1173 2966 1222 3051 qui

114 3068 207 3132 Ossae
230 3068 437 3152 imposuerunt
458 3066 577 3151 Pelion)
598 3079 629 3130 et
650 3067 689 3130 ll.
708 3067 784 3133 519.
808 3062 1021 3156 λυκάβαντος
1041 3061 1222 3157 Ιεἰιεμιβαίῗα

111 3170 143 3235 id
165 3181 212 3234 est
234 3171 498 3254 consequutiouem
512 3171 570 3255 2).
599 3170 657 3234 Sed
683 3167 836 3257 λακάβας
863 3171 958 3255 ipsum
986 3173 1022 3235 ab
1048 3172 1104 3240 hoc
1129 3174 1222 3237 verbo

112 3273 309 3357 compositum
339 3293 407 3336 esse
437 3294 525 3336 nemo
555 3273 684 3338 affirmet
714 3272 813 3357 paullo
845 3275 1073 3338 consideratior.
1118 3274 1222 3358 Neque

110 3375 266 3440 mentione
295 3375 377 3459 digni
400 3375 458 3461 ‚qui
487 3374 671 3440 homericum
700 3365 872 3460 ἀνδρακάς
901 3376 1122 3441 substantivum
1154 3397 1222 3441 esso
1262 3388 1265 3394 '

110 3477 305 3542 aediderunt
328 3476 380 3541 vel
394 3480 421 3542 'a
442 3461 544 3543 futuro
565 3471 656 3545 κάσω
683 3479 879 3562 compositum
904 3477 954 3541 vel
978 3499 1031 3562 pro
1055 3473 1223 3565 αἀδρὸδα-

109 3602 163 3654 otc
184 3591 357 3662 usurpatum
378 3602 411 3644 v.
429 3580 569 3666 Apollou.
587 3580 666 3645 Lex.
703 3582 758 3644 Sed
777 3583 848 3666 jure
871 3578 928 3644 huc
947 3583 1122 3647 referuntur
1140 3574 1222 3670 ‹iucl-

107 3704 197 3769 μας,
219 3677 372 3767 ἀδάμας,
395 3676 649 3772 άεκραξιδάμας,
671 3676 859 3768 λαοδάμας,
880 3680 1124 3769 laomedontem
1146 3685 1223 3773 χαλ·

106 3777 281 3871 ιιοδάμας,
303 3806 379 3869 quae
402 3786 470 3870 quia
491 3796 524 3850 et
543 3786 776 3850 declinationem
798 3785 1032 3850 masculinorum
1051 3786 1222 3871 participio·

176 4041 351 4107 2)Νοιιιιιεε’
350 4041 558 4113 arozidssdcqnin
532 4041 807 4112 interpretatirusuts‘
808 4038 1219 4112 mfldusvwllnhnkadTim.

16 4143 21 4150 ·
105 4145 133 4196 p
153 4128 212 4183 1211
237 4145 333 4182 cxacc
304 4131 438 4182 comatico
456 4131 751 4184 tortiuedccliuinatois
773 4120 897 4200 dornql‘od
918 4131 1002 4182 nonin
976 4132 1077 4183 ιιιμιιιί
1042 4133 1188 4237 μιίιιιιιια
1155 4145 1221 4182 unae

103 4212 209 4284 ’πίαβδ
226 4216 384 4269 elicuerunt.
