2792 4725
308 274 367 340 on
393 270 560 341 nouus.
588 272 761 340 nouos.
795 273 831 339 c.
853 273 918 342 111.
941 277 970 362 ς.
991 250 1039 344 2.
1166 281 1234 346 roo

114 455 190 519 hinc
211 452 394 538 intelligitur
421 453 499 538 qnod
518 445 620 541 τρόφι
646 474 688 519 ex
709 447 851 544 εότροφι
876 467 979 521 natum
1001 455 1173 522 fabulantur
1198 480 1229 523 v.

114 558 223 643 Etym.
242 556 284 620 bl.
309 553 391 634 769,
414 554 469 620 49.
492 557 529 619 ob
552 576 637 635 eam,
659 577 745 637 reor,
769 579 902 636 causam,
925 557 994 644 quia
1015 557 1130 624 nohum
1151 559 1233 624 aliud

116 659 302 746 adjectivum
323 656 453 742 simplex
474 644 559 734 ini}
578 659 772 724 terminatum
788 681 884 746 genus
902 671 1044 725 neutrum
1060 660 1230 747 participat,

117 762 175 827 scd
203 762 368 846 composita
394 759 488 826 multa
516 771 624 826 extant
650 755 782 842 εὔελπι,
810 755 926 852 εὔχαρι
952 774 1012 827 otc.
1045 784 1103 828 nec
1130 773 1231 828 tamen

116 865 401 930 animadverterunt
420 884 458 928 ea
479 863 579 928 omnia
599 883 619 928 a
639 865 809 930 nominibus
832 865 996 950 composita·
1015 885 1101 942 esse‚
1131 861 1233 954 τρόφι

116 978 222 1032 autem
244 964 389 1052 originem
411 965 534 1031 trahere
557 987 577 1030 a
597 968 704 1032 verbo.
748 967 920 1052 Eodemque
944 967 977 1030 iu
999 988 1106 1033 errore
1127 989 1231 1034 versa·

116 1081 172 1134 tur
197 1069 349 1154 Apollonii
376 1068 535 1153 disputatio
562 1068 598 1133 dc
623 1067 785 1155 Conjnnot.
815 1093 844 1156 p.
867 1067 950 1147 499,
972 1068 1027 1138 29.
1059 1061 1233 1160 ὁμολόγως

117 1165 185 1243 οὖν
207 1177 246 1240 έν
266 1170 445 1260 οἷφαιρέσει
463 1171 527 1238 τοῦ
548 1163 587 1238 εὖ
606 1168 646 1238 τό
665 1169 807 1260 ἠνορέη,
837 1167 948 1259 dorico
973 1171 1012 1240 τό
1037 1163 1156 1259 δόμοις
1179 1174 1232 1244 ἐνὶ

117 1289 308 1363 ποιητοῖσι,
338 1298 397 1360 quo
419 1274 558 1359 exemplo
579 1265 728 1350 Ξόνθοο
747 1276 851 1366 ῥέων,
878 1270 1008 1364 τάφρος
1028 1272 1152 1366 ὀρυκτή
1175 1298 1231 1342 cx·

116 1380 234 1467 plicant
258 1378 359 1443 Schol.
383 1377 420 1442 ll.
444 1377 497 1443 lV.
523 1375 599 1442 434.
625 1379 670 1442 Χ.
695 1377 771 1445 198.
803 1400 878 1464 quae
904 1400 964 1443 non
989 1379 1088 1445 minus
1111 1380 1231 1466 integra

118 1494 194 1548 sunt
213 1503 300 1568 quam
321 1479 452 1568 πηκτόν
471 1475 620 1570 ἄροτρον
642 1481 697 1546 nd.
721 1481 806 1546 Xlll.
830 1479 885 1549 32.
915 1475 1093 1550 θάλλοντα
1114 1481 1230 1550 σέλινα

117 1585 249 1650 lheocr.
266 1583 350 1648 Xlll.
367 1585 422 1651 42.
445 1585 600 1672 ποταμοὶ
618 1583 752 1674 ῥέοντες
770 1582 880 1672 Odyss.
897 1584 986 1650 XIX.
1003 1584 1079 1653 296.
1098 1586 1227 1651 Theocr.

116 1688 222 1754 XXV.
246 1687 299 1753 19.
325 1686 451 1753 blaxim.
474 1687 548 1775 Tyr.
571 1689 646 1753 XX.
671 1685 746 1752 389.
777 1707 874 1772 neque
895 1688 1008 1775 magis,
1039 1689 1067 1754 si
1089 1701 1230 1778 φρονεῖν

117 1793 202 1858 valet
229 1813 284 1878 pro
311 1785 351 1860 εὖ
379 1803 538 1880 φρονεῖν,
574 1803 690 1883 τυχεῖν
716 1812 770 1876 pro
798 1785 953 1882 εὐτυχεῖν
981 1814 1013 1858 v.
1042 1791 1161 1858 Jacobs.
1192 1791 1230 1856 ad

117 1893 263 1960 Philostr.
297 1919 339 1982 p..
356 1893 431 1960 397.
453 1895 501 1982 ¹⁸)
533 1917 592 1979 quo
623 1893 756 1980 pertinet
783 1891 881 1958 Photii
911 1895 1081 1960 adnotatio=
1122 1887 1229 1986 τύχην

118 1997 237 2074 ἅπλῶς
261 1997 327 2086 τήν
354 1995 495 2088 οἷγαθήν
522 1991 628 2090 τύχην
651 1995 809 2077 καλοῦσι,
838 1997 1012 2062 adverbium
1034 2001 1227 2064 extrinsecus

117 2104 315 2181 adsumimus,
337 2114 390 2169 aut
410 2103 467 2170 troi
486 2097 595 2193 χώρας
616 2109 715 2168 ἕσσαι
734 2101 820 2165 Pind.
840 2099 892 2164 lV.
911 2099 987 2166 485.
1011 2099 1229 2192 ἤναυμαρέα

116 2203 206 2275 υατολ
228 2204 358 2293 τρόπον
378 2207 509 2294 ἐγένετο
531 2205 626 2270 lsocr.
645 2204 772 2270 Panath.
796 2226 826 2290 p.
846 2202 929 2282 243,
952 2203 1007 2269 51.
1029 2203 1118 2293 μετέ
1140 2198 1229 2294 γνό-

114 2335 186 2398 μφς
206 2310 360 2377 Plutarch.
383 2309 422 2375 V.
447 2309 557 2375 Pericl.
581 2332 609 2375 c.
632 2306 752 2372 XXXl.
780 2307 985 2394 supplemento
1006 2309 1147 2395 adjectivi
1170 2302 1255 2395 όρ-·

116 2414 185 2489 θός
205 2414 342 2499 indigere
363 2416 530 2491 oredimus,
561 2412 639 2507 quod
658 2411 798 2476 lleishius
827 2413 902 2476 adeo
928 2412 962 2476 in
984 2412 1135 2477 Plutarchi
1160 2414 1228 2477 loco

116 2520 312 2583 inserendum·
333 2519 472 2603 putabat,
501 2518 553 2582 sed
575 2516 649 2580 baec
670 2515 793 2600 perinde
814 2525 850 2578 ut
871 2511 963 2605 (λένῃ,
989 2518 1069 2592 ra'tc,
1092 2518 1226 2593 ratione,

117 2626 150 2686 ιἰι
173 2622 258 2697 loco,
284 2622 434 2706 tempori,
463 2613 550 2687 καθ’
573 2614 681 2707 ὤραν,
709 2614 797 2685 varod
816 2609 947 2706 χόραν,
977 2618 1226 2703 significationem

112 2728 217 2812 justae
237 2723 487 2809 rationis‚¹justi
507 2722 650 2807 temporis
672 2721 770 2785 locive
796 2742 851 2805 per
871 2741 905 2784 sc
927 2720 991 2805 ipsa
1013 2719 1123 2784 babere
1145 2741 1228 2785 asse·

115 2849 270 2894 veramne.
316 2826 381 2889 lloc
407 2837 507 2890 autem
535 2824 645 2910 effugio
672 2823 846 2908 repudiato,
884 2822 952 2907 quid
980 2832 1076 2887 restat
1106 2821 1164 2886 nisi
1186 2834 1228 2891 ut

115 2923 247 3016 ψευδής
267 2928 435 3013 similiaque
456 2929 493 2991 ad
514 2928 669 2991 desuetum
692 2927 837 3012 quoddam
853 2926 1019 2989 releramus
1038 2924 1227 2988 formationis

116 3056 231 3121 genus,
266 3032 343 3118 quod
370 3030 464 3115 mag's
492 3029 664 3094 inchoatum
694 3051 782 3114 quam
809 3028 974 3114 perlectum
1004 3037 1061 3090 est.
1106 3025 1227 3089 Etenim

115 3137 362 3224 quemadmodum
390 3133 584 3217 Empedocles
616 3132 648 3196 in
681 3134 776 3216 primo
807 3130 1002 3195 animantium
1035 3139 1103 3193 satu
1133 3128 1232 3194 multa

116 3252 244 3305 naturae
269 3238 378 3309 fictrioi
405 3237 492 3302 vclnt
517 3235 718 3299 tentabundae
743 3233 892 3299 excidisse
915 3233 959 3297 ait
981 3232 1156 3317 imperfecta
1181 3239 1226 3293 at·

115 3366 173 3439 que
196 3342 332 3407 enormia

110 3461 113 3466 '
201 3442 311 3515 πολλοὶ
333 3446 402 3531 pulv
422 3438 678 3531 οἷμφιπρόςαπα
698 3439 756 3508 καὶ
776 3436 994 3527 όμφίστερνα
1015 3432 1168 3526 φύεσθαι

200 3549 367 3638 βουγενῆ,
394 3542 618 3633 οἷνόρότιραρα
637 3583 681 3593 -

114 3655 159 3718 ita
178 3654 213 3716 in
233 3653 287 3717 illa
306 3652 468 3718 verborum
489 3651 602 3713 fabrica
620 3644 762 3712 credibile
784 3656 832 3710 est
852 3645 1010 3728 aliquando
1030 3642 1140 3728 aliquid
1159 3653 1226 3706 ten-

115 3768 212 3821 tatum
236 3776 304 3820 esse
330 3754 407 3840 quod
430 3752 564 3818 inventis
590 3749 763 3816 melioribus
784 3748 1014 3833 reprobaretur,
1045 3746 1105 3811 alia
1125 3756 1226 3810 autem

162 4059 165 4073 .
186 4012 231 4079 18)
258 4009 352 4083 Ψῆφοε
367 4007 489 4083 flul-oica
504 4012 597 4065 Aesch.
617 4010 692 4063 llum.
714 4007 774 4063 751.
797 4025 847 4061 non
864 4008 943 4063 alitor
959 4009 1011 4059 dici
1028 4007 1132 4058 videtur
1149 4016 1225 4072 quam

112 4101 269 4171 φρυκτωρία
284 4104 344 4166 opto
358 4090 391 4163 ἓξ
405 4094 527 4170 βαλοῦσα
540 4099 632 4164 Agum.
647 4096 691 4162 33.
711 4096 738 4147 id
755 4104 796 4149 cst
812 4090 972 4167 εόβολοόσα,
989 4089 1144 4163 εότυχοόσα,
1163 4091 1225 4151 imt-

112 4189 173 4257 gine
191 4202 209 4239 a
225 4194 383 4239 tesserarum
396 4185 472 4252 jactu
490 4200 611 4254 prospero
629 4184 751 4251 repetita.
