2792 4725
280 302 336 369 os
358 296 524 407 uouru.
548 295 596 364 ru
617 280 703 367 τῇ
715 292 912 363 rouuur.
934 297 965 385 ς.
987 300 1020 365 a.
1149 306 1219 380 401

115 484 263 576 ὀφεῖλον,
287 503 342 568 pro
363 476 490 569 ὀφείλει
516 476 663 543 incertum
685 496 725 539 an
754 477 846 561 (quod
866 480 1012 563 praestat)
1037 502 1092 566 pm
1115 479 1234 573 pm-
1351 495 1356 502 .

115 591 186 657 lau.
230 584 384 660 Debedct,
406 580 521 667 iuquit,
544 580 682 663 corripui,
713 578 772 643 sed
798 600 862 647 οοπ
889 586 1081 669 compatiar,
1114 601 1146 653 et
1166 611 1222 657 eur

116 714 179 757 non
201 687 392 771 corripiatur,
406 672 457 750 'ex
475 684 615 762 'affinibus
634 676 764 761 dolator,
785 682 901 751 θσκέω
924 696 972 766 et,
1001 688 1028 752 si
1049 688 1223 759 Buttmanni

118 792 268 858 sententia
290 790 326 853 dc
348 788 456 874 dialysi
477 776 583 865 vincit,
608 806 649 849 cx
669 775 814 853 θοάσσω
837 808 953 871 proque
968 786 1097 877 intelligi
1111 804 1220 877 potest.
1273 823 1283 833 κ

119 896 168 959 Ex
189 903 340 979 postrema
361 902 461 956 autom
476 887 607 953 canonis
624 896 710 971 parto
731 899 856 974 apparet
878 888 1093 958 Grammaticos
1114 895 1224 983 hyper·

120 996 274 1082 disyllabis
296 994 469 1077 adjunxisse
494 989 652 1077 bisyllalra,
675 999 707 1052 et
729 991 846 1074 utrique
862 994 979 1075 generi,
1005 994 1225 1079 praeterdc'o·

121 1122 182 1176 σω,
206 1096 329 1161 candem
351 1094 493 1159 tribuisse
514 1112 705 1169 mensnram,
731 1112 818 1179 qnam
851 1092 884 1157 in
911 1094 996 1159 libris
1024 1119 1140 1182 quoqne
1161 1122 1227 1166 ser.

121 1200 188 1266 vari
209 1200 362 1263 videmus:
387 1191 485 1273 σάξοι
499 1196 638 1281 Hippocr.
662 1197 698 1260 de
720 1192 823 1259 Steril.
847 1216 877 1279 p.
901 1195 956 1261 25.
979 1198 1016 1261 T.
1035 1199 1086 1265 lll.
1111 1204 1226 1268 Anecd.

122 1324 152 1387 p.
167 1301 221 1380 92,
245 1299 299 1366 23.
325 1294 415 1377 σάξις
435 1292 563 1363 Aristot.
588 1298 688 1363 Probl.
705 1298 808 1361 XXV.
828 1295 860 1362 8.
883 1295 981 1376 τάξαι
995 1300 1119 1370 Nicand.
1133 1303 1226 1371 Tlser.

123 1402 269 1488 952⁸),
298 1400 404 1488 ,στάξαι
434 1400 574 1486 Xenoph.
600 1404 672 1466 (lec.
696 1400 741 1464 X.
767 1399 819 1466 11.
844 1401 955 1467 Athen.
975 1402 1061 1467 XlV.
1084 1403 1162 1470 648.
1188 1407 1228 1471 Α.

125 1506 314 1589 omniumque
336 1505 610 1589 frequentissimum
631 1499 747 1580 τάξαι,
770 1504 858 1589 idque
881 1506 1024 1570 convenit
1051 1507 1141 1571 etiam
1164 1530 1232 1573 cum

126 1608 260 1694 regulis,
293 1627 368 1691 quac
390 1617 461 1671 sunt
489 1608 525 1670 de
557 1608 725 1672 nominihus
754 1607 787 1671 in
807 1592 901 1684 lacu,
934 1601 1086 1689 άσαοσο,
1114 1609 1233 1694 πίσσα,

126 1703 236 1779 relocet
257 1708 348 1773 llrac.
377 1730 405 1793 p.
430 1706 493 1783 21,
524 1708 555 1772 1.
580 1718 611 1772 et
639 1710 674 1773 de
702 1710 912 1794 comparativis
942 1712 975 1774 in
996 1699 1119 1779 οἷσοῖ
1132 1714 1235 1779 liero-

128 1814 208 1877 dian.
231 1837 270 1879 π.
294 1814 386 1879 Mor.
412 1832 440 1893 p.
459 1808 512 1874 37.
538 1832 612 1895 quae
635 1812 737 1875 omnia
759 1813 881 1879 breuem
901 1814 1036 1880 vocalem
1058 1814 1168 1879 habere
1190 1815 1237 1880 di·

128 1927 202 1981 cunt
228 1924 349 2000 praeter
376 1912 513 1980 θάσσοο
542 1925 574 1978 et
602 1915 680 1998 qnod
700 1915 794 2000 llegg.
826 1914 912 1981 Pros.
936 1915 981 1982 -Ν,
1002 1914 1065 1993 86,
1096 1916 1171 1982 439.
1204 1928 1237 1982 et

130 2018 228 2083 Draco
250 2038 279 2102 p.
305 2014 380 2091 195,
406 2015 436 2080 1.
460 2002 646 2102 adjungunt,
669 2010 838 2105 ydalccou.
869 2018 993 2103 ·anne
1021 2020 1151 2084 fortasse
1173 2040 1237 2085 om·

132 2120 183 2185 nia
203 2140 222 2183 a
242 2119 345 2204 primis
368 2118 491 2183 canonis
512 2121 684 2185 auctoribus
712 2122 873 2206 conjuncte
901 2122 1010 2186 tradita
1030 2132 1134 2207 postea
1161 2142 1237 2188 vero

133 2224 249 2289 divulsa
268 2224 370 2306 itaque
391 2221 528 2285 mutilata
544 2233 633 2303 sunt,
657 2235 690 2288 ct
711 2225 748 2287 de
769 2223 870 2287 verbis
891 2223 1067 2310 trisyllabis,
1091 2245 1166 2308 qnae
1188 2246 1238 2291 re-

134 2326 234 2414 gulam
255 2324 412 2390 brevitatis
434 2336 571 2404 servant,
594 2324 688 2403 nihil,
711 2327 748 2392 de
772 2325 839 2403 lais,
870 2346 946 2412 qnae
968 2328 1136 2405 excedunt,
1165 2328 1240 2395 illud

132 2452 242 2508 unum.
262 2430 341 2514 quod
360 2429 396 2492 ad
417 2426 539 2496 θάσσω
562 2430 710 2514 pertinet,
737 2430 823 2494 nobis
844 2430 983 2493 relictam
1011 2430 1062 2494 sit.
1109 2431 1142 2495 Si
1162 2431 1241 2496 nihil

133 2531 226 2610 aliod,
254 2542 337 2595 corte
358 2532 444 2595 verbi
465 2529 605 2621 πράσσω
619 2535 663 2616 ¹²)
685 2533 799 2596 mentio
829 2533 865 2596 alr
894 2532 956 2596 illis
985 2533 1083 2597 omitti
1106 2554 1168 2598 non
1188 2555 1241 2620 po·

136 2635 205 2712 tuit,
229 2655 267 2698 ne
289 2633 325 2698 dc
350 2628 441 2721 ᾄσσω
465 2635 579 2712 dicam,
603 2636 680 2719 qnod
701 2634 788 2699 molti
809 2635 921 2700 omisso
951 2635 1013 2700 iota
1035 2636 1240 2721 scripserunt3

136 2738 189 2803 sed
211 2737 347 2821 suspicor
368 2737 458 2800 etiam
479 2735 647 2820 καπάσσω,
674 2738 710 2802 de
733 2759 792 2821 qno
805 2737 904 2822 paullo
918 2748 989 2802 ante
1004 2737 1145 2822 loquutus
1161 2759 1241 2819 som,

137 2841 205 2926 lege
228 2834 380 2904 exemtnm
402 2840 508 2904 fuisse.
552 2841 656 2926 Neque
679 2842 716 2904 de
741 2835 898 2927 φράσσω,
921 2839 1081 2929 βράσσω,
1106 2838 1241 2927 μάσσω,

139 2963 189 3008 res
219 2941 357 3027 expedita
386 2929 635 3027 σο1.Φράξοω
663 2929 776 3026 legitur
803 2943 878 3006 locis
904 2943 1041 3028 plurimis
1072 2942 1178 3027 Odyss.
1202 2940 1242 3008 V.

139 3042 529 3128 teodemusepeoa.
557 3041 1244 3131 11113111191111ω1.11115.

141 3158 172 3211 et
189 3145 242 3224 13,
257 3145 290 3211 d.
310 3146 408 3212 Strab.
427 3147 505 3214 Vlll.
523 3145 598 3242 389.
624 3146 776 3212 Plutarch.
793 3146 833 3213 V.
852 3145 987 3212 Demetr.
1002 3144 1087 3211 XVl.
1103 3145 1243 3232 Apollon.

143 3283 354 3298 W

211 3328 256 3394 11)
272 3327 368 3382 Insula,
388 3339 462 3391 quam
479 3323 609 3392 Euphorio
633 3323 665 3376 ab
683 3323 731 3374 hoo
748 3321 828 3374 verbo
854 3321 1042 3372 denominatam
1064 3334 1121 3372 esse
1138 3318 1249 3372 tradidit

142 3433 169 3469 v.
190 3416 277 3482 Steph.
297 3415 374 3482 (quod
392 3414 478 3464 nescio
495 3427 543 3464 cnr
558 3410 704 3464 Meinekins
719 3407 825 3473 Fragm.
837 3405 939 3458 CXVll.
958 3406 999 3458 illi
1016 3406 1172 3469 detraxerit)
1190 3396 1248 3460 Ns‘·

143 3501 189 3566 ξος
206 3503 311 3567 dicitnr,
328 3516 377 3552 non
392 3497 484 3564 Νάξος
501 3505 532 3549 ut
549 3497 810 3561 Schweighaueserus
828 3493 910 3546 edidit
925 3492 1033 3559 Appiam.
1054 3491 1112 3542 ctv.
1132 3489 1165 3544 V.
1181 3489 1207 3542 ⁷.

215 3602 261 3668 tt)
278 3601 330 3653 lloc
347 3611 452 3654 veteres
469 3606 538 3650 recte
563 3591 687 3663 assapa'm
706 3595 826 3646 extitisse
850 3593 939 3644 dicunt
961 3592 1086 3659 producta
1109 3597 1167 3658 post
1189 3605 1249 3658 spn-

146 3701 224 3754 copen
242 3689 336 3750 vocali,
355 3694 386 3739 ct
403 3694 430 3740 et
445 3685 546 3756 πράσις
563 3683 696 3743 scribitur,
716 3682 799 3732 ionica
815 3677 887 3748 πρῆο
889 3695 929 3741 ιτ,
948 3684 975 3730 st
991 3677 1161 3746 imperativus
1178 3673 1253 3745 πρᾶ·

147 3793 195 3827 σον
212 3772 325 3824 Sahal.
317 3789 343 3825 rn
362 3773 480 3838 Hermog.
500 3770 533 3822 'l'
545 3768 602 3822 Vll.
624 3768 653 3820 P.
668 3767 699 3820 tl.
723 3767 782 3820 773.
801 3763 962 3834 (1προσεν’
946 3757 1189 3834 τπραγματεάσατσ
1202 3760 1252 3814 Ησ-

147 3857 236 3927 spclr.)
254 3866 281 3910 et
303 3859 414 3912 ionicum
438 3853 561 3928 πιπρήσκ
547 3875 584 3908 κω
604 3862 634 3906 nt
644 3849 859 3935 ἀποδιδράσκω.
895 3850 948 3901 Hoc
972 3848 1148 3918 praetermisit
1169 3847 1254 3900 Draco

150 3959 175 4010 p·
196 3945 246 4004 22,
268 3943 309 3997 11.
335 3965 366 3998 το
387 3966 406 3999 a
422 3944 618 4014 ἐπιφερομένου
633 3937 682 3994 τοῦ
696 3961 722 4004 σ,
740 3929 795 4004 “lv
779 3934 963 3992 προτέτακται
981 3927 1105 4004 ἔφωτστ,
1121 3931 1253 3988 matte-

150 4045 209 4088 ται,
189 4024 340 4097 adrepe,
358 4025 454 4093 ά,οτι1σ
471 4023 545 4081 sionei
564 4035 614 4078 etc.
653 4025 704 4078 Sed
727 4025 886 4092 antiquiores
904 4021 1024 4088 magistri
1041 4021 1097 4072 sine
1114 4020 1191 4071 dnbio
1209 4019 1253 4070 ad·

148 4113 270 4180 jeeernnt
286 4109 311 4168 οἰ
325 4105 366 4184 μή
383 4131 426 4169 τις
446 4109 536 4183 spana*
554 4115 595 4182 εἴη
609 4131 687 4182 παρα
679 4106 848 4179 διαλέκτῳ.
883 4107 936 4163 Vis
943 4108 1125 4178 illasyncopes
1137 4120 1256 4173 nonma-

152 4200 219 4252 tinet
237 4202 269 4252 ad
286 4204 407 4272 πρ1αμαι
425 4208 452 4253 et
469 4195 637 4267 decepisset·
