2792 4725
171 251 372 368 ordonn.
392 250 549 367 norror.
566 298 618 365 nr
634 298 764 365 snasr.
781 298 1021 367 ernnusto.
1046 269 1123 384 sle.
1146 298 1219 368 eso

112 491 243 548 veteres·
263 480 478 568 adjectivorum
515 479 581 545 loco
610 481 722 545 ducunt
748 482 903 568 ipsumque
928 491 1050 565 tempus
1080 481 1220 547 diurnum

113 583 288 648 Eustathius
318 606 347 668 p.
376 582 453 660 979,
484 582 538 649 22.
567 584 686 669 proprie
715 578 848 669 ἠμέραν
876 572 1083 652 ιιατοίσαοιοιν
1110 586 1220 649 dictam

115 708 183 751 esse
208 696 323 761 censet,
347 685 432 769 eique
455 687 573 749 confert
599 708 628 771 p.
650 684 728 758 427,
750 684 804 751 24.
834 686 933 751 noetis
963 708 1073 751 nomen
1099 683 1218 763 δειδία,

114 790 192 873 quod
218 787 322 851 Snidas
345 798 376 851 et
397 788 497 875 Etpm.
522 788 565 851 Μ.
588 788 826 871 interpretantur
845 784 1012 874 ηοιιοεία.
1057 787 1096 851 Et
1112 789 1149 852 ad
1164 810 1219 851 ex·
1321 843 1323 847 .

112 892 278 977 plicandanr
300 889 430 973 ellipsin,
454 889 480 953 si
506 912 564 975 quo
585 890 791 975 supplemento
821 912 895 976 opus
923 901 989 967 est,
1018 912 1080 954 non
1106 890 1222 954 infitior

112 993 297 1079 aptissimum
320 1014 388 1059 esse
409 992 482 1056 illud
508 992 633 1076 usuique
656 992 996 1069 convenientissimum,
1029 1014 1098 1057 nam
1119 984 1221 1059 ιιατοί·

114 1119 230 1169 οταοις
253 1092 372 1183 βορεία
387 1106 418 1159 et
438 1096 538 1165 νοτία
560 1095 672 1181 legitur
692 1095 835 1182 Hippocr.
859 1094 970 1179 Aphor.
988 1092 1039 1157 lll.
1065 1094 1119 1185 14,
1141 1085 1216 1160 723.

113 1199 149 1263 Τ.
175 1198 226 1261 lll.
251 1198 335 1261 Paul.
361 1199 437 1283 Aeg.
461 1197 486 1263 l.
511 1196 564 1263 53.
588 1220 619 1283 p.
645 1196 696 1261 14.
732 1197 827 1282 Magis
849 1208 950 1261 tamen
974 1195 1114 1261 credibile
1136 1189 1219 1261 vide·
1246 1242 1250 1249 ·

112 1312 181 1378 tur,
212 1322 321 1366 nomen
351 1296 420 1388 ιίίρα
449 1310 502 1363 aut
529 1302 625 1383 ipsum
656 1299 822 1385 antiquitus
855 1300 1020 1385 appositum
1048 1309 1101 1362 aut
1120 1293 1220 1386 potius

113 1404 268 1468 notionem
295 1405 362 1489 ejus
388 1402 488 1466 animo
516 1401 640 1465 infixam
667 1401 699 1465 iu
728 1423 818 1467 causa
838 1403 944 1484 hrisse,
976 1424 1031 1467 our
1052 1422 1220 1489 synonyma

113 1506 148 1570 ad
171 1506 248 1570 idem
271 1505 474 1593 dirigerentur
494 1524 589 1589 genus
612 1503 799 1569 femininum.
844 1506 888 1570 Ac
911 1505 946 1569 de
966 1502 1078 1593 ἡμέρα
1100 1524 1218 1591 quoquc

114 1630 190 1693 quae
217 1608 269 1671 ille
299 1608 387 1683 dicit,
418 1606 634 1671 confirmantur
661 1607 873 1691 quodammodo
900 1608 1050 1693 Euripidis
1079 1606 1218 1691 exemplo

113 1710 179 1776 lon.
204 1708 258 1775 87.
283 1710 331 1794 qui
362 1709 459 1773 lucem
484 1710 542 1773 diei
563 1707 627 1795 τήν
647 1722 794 1796 πραεῖαν
811 1706 931 1796 ‘epodo
949 1710 1081 1787 vocavit,
1107 1710 1157 1773 uhi
1182 1710 1220 1773 li-

112 1814 161 1878 bri
181 1809 314 1900 ημέρον
335 1823 366 1877 et
386 1808 532 1899 ἡμερίαν
558 1811 721 1888 exhibent;
752 1832 848 1895 neque
870 1812 1048 1875 adversatur
1074 1811 1220 1875 feminina

113 1916 236 2001 positio,
263 1936 319 1999 qua
343 1916 522 2001 adjectivum
550 1909 676 2002 ἥμερος
701 1914 792 1999 vulgo
820 1915 977 2000 earet⁷⁴);
1005 1933 1133 2001 namque
1161 1913 1218 1978 hoc

113 2019 231 2103 saepius
253 2039 310 2082 usu
331 2018 417 2082 venit
437 2018 590 2103 adjectivis
621 2017 876 2083 substantivorum
907 2016 1083 2101 dignitatem
1112 2036 1219 2079 conse·

115 2120 214 2205 quotis
237 2122 398 2205 eodemque
421 2142 533 2205 genere
562 2131 609 2185 est
633 2112 767 2207 Ἡμέρα
796 2118 910 2185 Dianae
939 2118 1112 2203 epitheton,
1142 2137 1217 2201 qnae

113 2223 184 2287 alibi
204 2219 395 2310 Ἡμερησία
416 2224 535 2287 dicitur.
581 2223 656 2315 Huic
686 2234 786 2287 autem
813 2216 920 2309 generi
946 2220 1020 2286 nihil
1048 2221 1217 2307 adjunctius

113 2336 173 2403 est,
196 2347 282 2412 quam
304 2326 448 2391 vocabula
481 2336 612 2390 aetatum
641 2326 855 2404 humanarum,
874 2321 1017 2412 νηπίη,
1054 2314 1230 2411 νηπντίη,

112 2427 227 2516 νεοίη,
257 2427 413 2505 παιδεία,
443 2419 568 2516 ἠνορέη
575 2479 586 2511 ,
619 2424 777 2515 οἷνδρεία,
806 2439 950 2508 senecta,
978 2428 1083 2512 quihus
1104 2425 1219 2510 antiqui
1339 2425 1346 2439 “

114 2531 306 2596 Grammatioi
320 2553 428 2596 nomeu
448 2528 561 2618 ἡλικία
574 2532 746 2618 subjiciunt.
771 2531 939 2617 Hesychius
953 2522 1132 2616 Νηπιέηῆ
1149 2527 1230 2617 νῷν
1288 2522 1291 2528 ’

112 2633 248 2718 νηπίων
270 2631 395 2721 η’λικία.
430 2633 535 2699 Suidas
556 2630 717 2720 Νὴπειον
746 2627 1062 2720 φρόνημα,-νηπιά
1082 2632 1118 2700 δὲ
1143 2627 1219 2718 ηλι-

112 2735 182 2805 ιιία.
212 2737 387 2802 Eustathius
409 2759 438 2822 p.
463 2737 558 2815 1319,
583 2735 635 2802 18.
659 2736 782 2823 νηπιέη
803 2733 894 2824 φρήν
915 2732 939 2823 ἢ
957 2733 1081 2823 ἦλιιιία.
1114 2734 1214 2800 Schol.

112 2840 192 2905 Ven.
216 2838 331 2904 XXlll.
355 2837 429 2904 604.
453 2837 547 2926 νεοίη
568 2837 610 2914 οἷς
634 2830 749 2925 ὁμοίη·
772 2844 805 2904 ol
825 2835 908 2924 μεθ’
922 2835 1076 2926 ’Όμηρον
1097 2835 1141 2912 είς
1161 2837 1219 2906 ἐπί

113 2943 276 3010 πλεῖστον
294 2939 427 3027 νιοείην
450 2941 594 3028 λέγουσι.
639 2941 762 3005 Photius
784 2939 956 3008 Παιδείαν
973 2943 1037 3029 την
1055 2937 1218 3027 παιδικήν

113 3041 267 3132 η’λινίαν,
301 3045 380 3109 siout
401 3044 507 3130 Lysias
530 3043 606 3107 dixit
635 3065 665 3128 p.
690 3042 909 3128 Polyanttn,
934 3044 965 3108 1.
991 3043 1080 3126 (159,
1103 3043 1153 3128 2.)
1180 3048 1217 3110 ἐν
1302 3057 1305 3064 “

116 3142 273 3223 παιδείας
292 3145 389 3233 φίλος
412 3147 442 3210 id
467 3158 515 3212 est
534 3150 569 3212 ἐκ
589 3144 745 3213 παιδείου
769 3141 902 3234 ἀγωγῆς
917 3147 949 3212 iu
965 3140 1095 3210 Phaniae
1110 3147 1214 3232 Epigr.

112 3252 152 3316 ΙΙ.
182 3253 344 3334 eodemque
375 3252 460 3313 modo
495 3249 672 3313 Schaalerus
706 3247 808 3314 Melet.
849 3272 880 3334 p.
912 3247 965 3313 76.
1000 3249 1218 3332 interpretatur

114 3355 217 3440 Epigr.
249 3355 357 3437 Adesp.
381 3350 591 3416 Dccrttrtlt.
622 3351 666 3439 τῷ
698 3351 803 3418 πέλεν
836 3348 987 3437 οἷοπαοίη
1014 3351 1116 3440 βαίης
1143 3346 1213 3422 cino

113 3457 180 3522 scil.
203 3454 345 3542 ἡλικίας,
369 3456 421 3520 sed
448 3457 504 3521 hoc
526 3454 616 3518 aliter
644 3453 739 3537 accipi
759 3464 859 3538 potest
878 3476 931 3538 pro
953 3447 1159 3522 ἐκπαιδόδεν
1182 3467 1218 3522 ut

112 3554 269 3650 ἠγαπᾶτο
290 3563 322 3636 ἐξ
345 3563 395 3625 dev
415 3560 565 3648 βρέφους
587 3557 712 3641 Niceph.
738 3556 792 3619 Gr.
818 3556 868 3620 Vl.
895 3555 927 3620 6.
953 3556 1024 3620 114.
1050 3557 1084 3619 Β.
1110 3560 1143 3633 ἐξ
1167 3557 1218 3624 ἔτι

113 3659 234 3738 παιδός
255 3664 358 3748 Epigr.
382 3665 492 3748 Adesp.
518 3658 621 3726 DCCI.
647 3679 784 3744 apucr‘o
806 3681 837 3723 v.
862 3658 977 3747 Phryn.
1002 3682 1032 3745 p.
1055 3658 1110 3724 48.
1133 3686 1218 3728 παι·
1297 3684 1301 3695 “

115 3763 252 3834 dedocet
270 3763 351 3839 ‘rods
368 3765 495 3839 παῖδας
516 3759 585 3832 οίπδ
603 3761 805 3836 πενταέτεος
833 3756 1018 3850 οίρξοίμενοι
1038 3762 1170 3828 llerodo.
1188 3762 1213 3827 l.

114 3868 189 3934 136.
213 3870 264 3935 uhi
292 3891 331 3935 nc
351 3865 482 3956 ἡλιαίας
507 3867 710 3953 intelligamus
739 3867 839 3930 obstat
864 3868 942 3951 quod
969 3868 1106 3953 seqnitur
1133 3865 1217 3957 πρίν

113 4075 324 4090 m

181 4193 226 4264 74)
243 4191 392 4252 Feminluae
410 4193 506 4252 formae
520 4192 636 4266 exemplu
649 4194 700 4270 ulio
711 4191 767 4248 loco
779 4197 892 4257 adoram

944 4263 1126 4345 w,
