2792 4725
211 304 213 307 ’
304 291 1028 380 uhhohttt.ttortos.c.11t§.5.
1092 283 1095 290 ’
1160 297 1227 366 175

108 481 328 564 interpretatur
346 471 513 566 ἄτολμος.
558 477 641 542 Haec
661 475 768 562 igitur,
791 495 867 561 quae
888 495 962 540 usus
987 476 1173 543 communior
1193 491 1225 544 et

109 582 207 670 etymi
220 580 299 645 ratio
315 583 424 647 tertiae
437 580 571 647 vindicat
591 578 731 656 fluxioni,
753 577 836 643 inter
858 576 1033 662 metaplasta
1049 580 1222 664 referimus;

109 687 166 750 sed
189 681 331 772 Φόρβαν
351 683 446 749 Anth.
470 683 534 747 Pal.
558 680 611 746 lll.
640 703 674 746 n.
697 673 753 748 42.
777 701 817 745 an
838 671 1041 768 Φόρβαντα,
1066 675 1164 750 ’'Idoo
1184 705 1224 748 an

101 783 265 861 Ἰδαντος
285 787 387 873 Etym.
411 786 454 851 M.
467 783 545 863 465,
569 781 622 848 15.
645 777 800 869 Ἀμύκλα
821 779 1220 871 οιιἈμόκλαντοςὸῑορὴ.

107 913 136 956 s.
162 889 194 954 h.
225 911 258 954 v.
282 901 314 954 et
340 889 375 953 in
403 888 514 954 ceteris
545 906 621 972 quae
644 877 838 950 Grammatici
866 887 1024 971 proferunt
1051 889 1165 952 Anecd.
1189 910 1222 975 p.‘

99 991 209 1078 ,tt-83.
234 1003 265 1056 et
287 989 383 1057 1185.
407 1002 477 1056 ntra
496 991 594 1055 forma
622 986 718 1072 magis
751 987 885 1074 legitima
906 989 965 1065 sit,
990 990 1145 1075 dijudicari
1170 1013 1223 1057 ue-

107 1097 188 1182 qnit,
212 1095 280 1179 quia
301 1095 424 1158 nomina
444 1093 566 1179 propria
586 1091 645 1155 huc
667 1101 699 1156 ct
721 1090 794 1156 illuc
816 1091 989 1157 fleetuntur.
1019 1091 1093 1172 Item
1109 1094 1222 1179 primae

107 1211 143 1264 et
163 1199 274 1263 tertiae
295 1197 505 1262 declinationis
530 1196 686 1279 andiguns
709 1213 796 1258 casus
819 1194 880 1268 λοῖς
900 1194 934 1257 in
956 1215 1046 1260 causa
1067 1197 1137 1276 fuit,
1168 1218 1223 1261 cur
1280 1258 1287 1278 ,

107 1300 273 1386 Sophocles
296 1301 370 1365 Oed.
395 1299 431 1363 C.
457 1297 532 1364 196.
556 1296 725 1383 genitivum
746 1285 832 1362 λόον
855 1297 995 1381 lingeret,
1018 1318 1106 1383 quem
1127 1300 1223 1365 Hero·

106 1405 229 1480 dianm,
251 1414 287 1469 ut
308 1402 491 1466 scholiastes
516 1403 656 1477 adnotat,
684 1421 703 1464 a
726 1399 860 1486 genitivo
888 1399 951 1467 τοῦ
972 1398 1054 1474 loica
1075 1423 1130 1486 per
1149 1423 1222 1468 ana·

107 1510 233 1572 dromon
242 1508 288 1590 ²²)
316 1517 416 1570 ortum
438 1506 565 1569 dicebat.
613 1501 692 1566 Idem
722 1513 811 1586 poeta
840 1512 872 1567 et
897 1500 1066 1589 Aeschylus
1097 1504 1223 1592 οβοῦς

105 1610 299 1675 declinarunt
324 1609 388 1675 τοῦ
414 1607 482 1696 fiori
503 1607 617 1671 Anecd.
652 1626 683 1689 p.
709 1602 805 1669 1196.
834 1602 900 1692 τήν
929 1597 1079 1674 οἷνόδονν
1102 1607 1224 1693 scripsit

107 1713 285 1778 Athenaeus
306 1711 373 1775 Vll.
406 1709 481 1778 319.
510 1710 549 1773 D.
574 1708 752 1791 Atticosque
779 1705 843 1773 coti
864 1699 1024 1776 scoldascio
1033 1759 1046 1790 ,
1068 1705 1129 1777 τόν
1156 1735 1223 1778 τοο-Ι

106 1809 245 1882 λόποον
260 1815 361 1880 dicere
383 1815 510 1878 affirmat
530 1834 559 1897 p.
583 1808 660 1877 316.
676 1814 715 1873 A.
741 1810 780 1875 ci.
799 1809 1032 1876 Grammaticum
1054 1813 1219 1879 Hermann.
1336 1803 1342 1817 '

108 1921 141 2002 §-
163 1915 219 1994 26,
242 1917 317 1984 322.
342 1916 512 2003 Hesychius
534 1909 687 2000 Νήπονς
717 1908 742 1998 ἢ
770 1904 944 1998 νήποδας,
974 1909 1221 1992 οἷνοττοδὲτονς,

107 2021 216 2107 quihus
238 2020 380 2106 congruit
400 2017 538 2102 ambigua
559 2016 747 2102 propriorum
771 2015 939 2090 Οἰδίπους
961 2029 992 2081 et
1005 2010 1222 2104 Μελόμπονς

107 2125 281 2188 declinatio.
329 2120 489 2188 Contrario
511 2139 586 2183 vero
615 2129 699 2182 motu
721 2118 889 2203 vulgariter
910 2121 1076 2187 scribentes
1100 2122 1223 2186 nomina

108 2227 235 2293 secundi
255 2224 369 2309 ordinis
391 2223 428 2287 ad
450 2223 573 2291 tertium
594 2223 800 2298 transierunt,
823 2223 949 2308 primum
972 2224 1135 2309 simplicia,
1157 2223 1221 2291 τοῦ
1311 2225 1330 2304 Ῐ

106 2324 190 2405 νοός
209 2351 241 2395 v.
253 2327 413 2413 adPhryn.
424 2324 551 2410 453.2³)
566 2324 629 2392 τοῦ
643 2321 748 2400 calche
770 2325 898 2413 Martyr.
917 2325 1014 2412 lgnat.
1030 2348 1058 2391 c.
1074 2325 1127 2392 Ill.
1141 2325 1218 2395 296.

107 2432 186 2498 Bihl.
210 2430 290 2495 Gall.
312 2428 397 2493 Τ.’1.
423 2430 462 2493 ci.
487 2429 589 2493 Reisk.
614 2430 651 2492 ad
674 2427 781 2492 Const.
806 2428 963 2514 Porphop.
981 2428 1058 2496 210.
1083 2434 1116 2497 οἱ
1138 2430 1221 2506 σόος

106 2557 142 2601 v.
165 2534 309 2598 Matthiae
331 2530 465 2596 Gramm.
490 2532 519 2614 ξ.
544 2528 619 2596 124.
643 2536 676 2597 οὶ
694 2527 794 2605 πλόος
816 2531 902 2595 Phot.
927 2553 954 2597 s.
979 2534 1074 2611 πλοῖ,
1095 2535 1141 2623 τῷ
1165 2538 1223 2624 dot

107 2636 284 2702 Hellanicus
311 2635 344 2699 in
367 2634 467 2699 Schol.
491 2632 528 2698 ll.
557 2635 598 2702 Φ.
621 2634 697 2702 242.
721 2633 833 2698 thill.
856 2633 925 2699 Tat.
950 2635 1002 2701 lll.
1030 2636 1084 2705 29.
1108 2658 1139 2723 p.
1163 2635 1218 2714 76,
1260 2626 1263 2633 ’

107 2817 320 2842 ...ηδ-ιι·-

107 2929 272 2982 scrihendum
289 2936 341 2981 ests
355 2924 547 2997 οἶναπλῆαειεν.
564 2928 737 2983 Accusativus
755 2920 895 3000 Σωδόμαν
917 2931 994 2983 Puns.
1015 2930 1060 2983 Vl.
1080 2934 1112 2994 4,
1139 2932 1164 2984 6.
1185 2948 1217 2984 ne

106 3023 225 3079 mutetur
242 3015 269 3066 in
283 3012 436 3086 Σοὶδαμον,
455 3017 523 3083 qnod
539 3016 637 3081 legitur
654 3017 732 3070 Anth.
753 3018 809 3069 Pal.
828 3034 851 3069 ο.
871 3016 926 3071 Vll.
952 3035 977 3069 n.
1004 3018 1065 3075 294.
1085 3026 1112 3069 et
1130 3018 1215 3069 Sehol.

106 3102 182 3154 Pind.
201 3101 230 3153 P.
250 3100 283 3152 ll.
304 3102 347 3155 63.
367 3102 453 3153 obstat
475 3118 525 3153 non
542 3103 625 3152 solum
643 3105 799 3169 praecedens
817 3104 991 3155 nominativus
1009 3100 1148 3171 Σωδάμας
1171 3105 1217 3155 sed

106 3188 187 3239 etiam
205 3189 372 3239 accusativus
385 3184 571 3256 Ἀνδροδάμαν
588 3188 666 3240 Paos.
686 3188 719 3239 ll.
741 3190 783 3250 12,
804 3190 828 3241 6.
847 3183 926 3243 Κύνα
942 3185 1127 3257 λεοντοδάμαν
1140 3190 1214 3242 Pind.

38 3312 43 3321 r
106 3272 218 3341 pactye,
233 3271 279 3323 Fr.
298 3272 346 3324 Xl.
368 3275 426 3327 584.
447 3275 515 3341 qnod
531 3275 674 3325 Boechhins
693 3273 835 3342 etVossius
854 3275 886 3326 ad
903 3275 977 3327 Aret.
998 3291 1024 3326 v.
1036 3276 1095 3327 326.
1116 3274 1217 3331 alcor-

104 3356 229 3426 aodoipas
246 3367 397 3421 arcessunt,
422 3361 456 3411 ad
479 3354 648 3429 λεοντοδόμη
672 3360 892 3441 οοδοοοοδοοιήοῑ
909 3353 1053 3430 δειοδόμη
1070 3355 1171 3433 Ἑκάτη
1189 3364 1215 3415 in

105 3445 214 3525 oracplo
232 3444 380 3509 Chaldaieo,'
399 3448 467 3513 quod
485 3446 578 3498 Suidas
595 3448 787 3515 interpretatur
802 3442 821 3515 ἦ
837 3446 917 3501 θεοὺς
934 3442 1100 3515 δαμόζαοσα.

128 3611 132 3620 f
175 3565 222 3632 21)
239 3549 308 3618 Hace
325 3566 456 3631 adjectiva
472 3569 506 3619 ad
529 3569 727 3635 componendum
751 3568 843 3619 idonea
860 3582 910 3618 non
929 3573 1007 3628 sunt,
1027 3568 1072 3618 sed
1088 3562 1216 3639 Ἀτλαγε-

104 3648 153 3732 νῄο
170 3652 268 3703 dicitur
284 3659 316 3704 ut
331 3648 536 3723 Ἀπολλογένηο,
555 3655 612 3719 lege
629 3656 802 3722 propriorum.
841 3652 914 3720 Quod
930 3654 974 3704 vir
991 3654 1154 3707 doctissimus
1173 3672 1215 3709 su-

105 3734 233 3805 spicatur,
251 3738 391 3790 Hesiodum
406 3734 608 3811 Ἀτλαγμνέων
625 3740 778 3808 scripsisse,
803 3740 867 3791 mihi
885 3756 935 3791 non
953 3739 1088 3792 admodum
1105 3742 1163 3793 veri
1180 3742 1214 3795 si-

104 3824 166 3876 mile
183 3826 299 3877 videtur.

174 3926 220 3993 22)
237 3926 403 3998 EtymGud.
413 3944 438 3995 p.
448 3924 509 3988 537,
529 3926 573 3979 56.
591 3924 626 3981 αἶ
637 3936 740 3999 γονικαὶ
756 3925 943 4001 μεταγόμοναι
961 3924 1129 3986 clericatos
1144 3926 1216 3986 πολ-

101 4008 182 4066 λάκις
197 4008 339 4085 οἷμεδβοναι
355 4009 417 4069 τοδε
432 4005 539 4079 τόνους,
556 4003 643 4071 λόαος
664 4009 743 4081 λαός,
760 4015 829 4072 vicos
844 4013 909 4071 vids.

172 4114 219 4253 23)
235 4114 381 4171 Notahilius
398 4123 441 4171 est
458 4115 647 4185 Hesychiuuum
664 4113 747 4174 Κατό
765 4115 817 4184 oct,
834 4115 907 4173 κατδ
923 4115 1005 4185 ναόν,
1031 4120 1062 4171 de
1086 4136 1138 4189 quo
1161 4134 1216 4171 cer-

107 4207 169 4252 on
208 4202 287 4255 rioci.
772 4244 774 4259 .
922 4256 927 4267 ,
1106 4224 1109 4229 ·
