2792 4725
163 263 1142 389 unisonaruanrner.ursunsu.calunniatus.11.⁸
1164 225 1245 353 aw-
1354 305 1358 314 -

122 467 255 535 animuin
276 467 314 531 nd
335 464 488 531 notionem
500 462 570 549 ,τῆς
587 458 743 547 succuris
756 462 910 531 referrent
928 462 982 527 sed
999 484 1106 549 perse
1123 464 1230 549 ipsam,

124 588 236 657 genere
258 579 358 634 autem
380 565 525 631 feminino
546 582 623 637 usos,
641 584 709 629 esse
730 564 767 627 cb
790 565 915 629 candem
936 584 1076 643 canani,
1097 589 1156 652 qna
1175 589 1234 636 „0¹-

124 664 217 759 ροφή
240 670 384 735 feminine
406 668 625 752 appuliae-etur,
657 676 688 729 et
712 664 852 731 similiter
873 662 897 751 ἡ
917 665 1066 753 τρίοδος,
1094 667 1234 759 uiuipa-

124 769 221 855 ξιτός,
245 774 313 859 qnia
334 765 420 846 ὁδός,
441 769 615 847 κέλευθος,
636 767 750 853 οἶμος,
770 764 899 855 τρίβος,
921 764 1035 857 οἷγοιοὶ,
1057 793 1145 857 agea,
1167 775 1232 853 via,

123 878 269 971 feminina
296 886 379 940 suut.
424 874 468 936 Ac
497 873 525 935 si
552 870 730 956 simplicium
758 892 856 955 genus
886 892 943 955 qna
972 874 1090 939 ratione
1119 876 1236 943 nitatur

124 981 298 1067 plerumque
325 978 542 1059 incompertum
565 984 631 1049 est,
662 974 729 1056 quis
750 973 880 1037 sollicite
904 986 1030 1058 quaerat
1052 998 1108 1042 cur
1132 975 1156 1063 ἡ
1177 975 1235 1054 ξύ-

126 1084 224 1173 λοχος
245 1081 362 1145 dicatur
383 1089 414 1143 et
435 1070 631 1165 ὁὸρύοχοςῗ
662 1074 831 1139 Furtuitum
850 1087 918 1156 est,=
933 1079 1009 1162 quud
1028 1081 1149 1145 uomina
1165 1082 1235 1149 viae

125 1185 278 1253 individua
298 1184 331 1247 iu
352 1202 409 1247 usu
430 1189 549 1245 retenta
567 1189 651 1259 sunt,
676 1198 751 1261 quae
771 1179 799 1241 si
820 1178 853 1242 iu
870 1179 965 1262 prima
984 1181 1105 1266 linguae
1122 1184 1236 1249 fabrica

125 1287 369 1362 intercidissent,
399 1304 487 1347 nemo
510 1280 611 1345 dicere
633 1290 737 1365 posset
757 1300 812 1343 cur
832 1275 1038 1366 ἦπλατοῐο,
1063 1280 1086 1369 η’
1108 1309 1235 1355 acm.

125 1414 203 1469 πος,
225 1386 249 1475 ἦ
269 1378 448 1473 λεωφόρος,
467 1380 490 1470 ἦ
512 1375 744 1471 discidimus,
765 1392 872 1459 strata,
894 1385 1014 1461 semita,
1038 1388 1236 1455 enuntientur

126 1510 239 1579 genere
261 1489 417 1557 feminino.
456 1488 501 1552 Ac
522 1486 654 1571 profecto
677 1485 744 1549 fieri
764 1495 882 1569 potest,
904 1498 939 1552 ut
959 1509 1035 1572 quae
1057 1489 1143 1554 nohis
1165 1493 1235 1557 snb·

127 1596 260 1665 stantiva
276 1593 418 1658 videntur
432 1588 596 1675 primitiva,
615 1608 721 1671 reapse
739 1588 887 1673 adjectiva
900 1588 963 1655 sint
978 1592 1043 1667 cia,
1061 1587 1164 1680 ciyvsci
1172 1593 1232 1680 ⁹¹).

127 1700 186 1765 Sed
212 1708 246 1762 ut
272 1695 346 1759 haec
368 1692 519 1768 omittam,
551 1711 626 1775 quae
648 1690 739 1775 lunge
764 1691 800 1753 ab
825 1689 1028 1777 intelligentia
1049 1705 1153 1761 nostra
1175 1697 1237 1762 dis·

123 1804 230 1889 Juncta
251 1808 341 1873 sunt,
369 1796 422 1859 illa
443 1795 480 1859 de
501 1792 672 1877 cumpositis
694 1793 846 1877 quaestio,
877 1815 964 1878 quarn
985 1796 1163 1863 adumbrare
1185 1820 1236 1863 cc·

130 1903 195 1971 nati
216 1920 331 1977 sumus,
354 1898 388 1961 in
409 1917 490 1961 meus
512 1906 612 1981 partes
633 1895 821 1960 successuris
842 1896 1005 1974 studiosius
1026 1902 1237 1984 pertractanda

129 2006 201 2082 crit,
224 2004 252 2069 si
273 2022 330 2087 qua
351 2001 388 2065 ad
409 1999 524 2065 exitum
545 1997 667 2081 perduci
688 1998 794 2081 possit.
830 1998 973 2084 Equidem
996 1999 1051 2067 doc
1072 2001 1140 2067 Ioco
1161 2004 1237 2069 nihil
1367 2007 1371 2015 ’

128 2108 209 2175 ultra
235 2107 338 2171 addam
352 2112 570 2189 *praeterquam
600 2100 635 2163 de
660 2110 805 2179 accentu,
835 2121 875 2166 ne
902 2102 969 2186 quis
997 2102 1067 2168 hinc
1090 2106 1237 2173 auxilium

129 2219 223 2298 petat.
268 2207 399 2272 Primum
427 2203 547 2267 nomina
568 2194 701 2267 verbalia
728 2202 762 2266 in
784 2188 853 2289 ,Ec-c
874 2205 1035 2283 exeuntia,
1062 2207 1128 2271 sive
1150 2229 1238 2295 para·

130 2310 273 2400 syntheta
295 2318 367 2376 sunt
388 2307 453 2372 sive
479 2306 657 2390 composita,
687 2305 774 2378 modu
795 2317 952 2378 accentum
973 2307 1151 2394 simplicium
1172 2332 1238 2378 ser·

127 2425 221 2492 vaut,
253 2401 523 2500 ἀκροχειριομός,
551 2401 790 2495 ζογοοτοθμός
816 2409 967 2476 Plutarch.
994 2412 1030 2476 de
1054 2412 1126 2478 Fac.
1153 2414 1234 2482 Luc.

128 2518 200 2586 XV.
225 2514 279 2581 50.
302 2515 338 2578 Τ.
358 2510 441 2582 XIII.
466 2507 705 2597 κολοοταθμός
726 2511 858 2597 Hcsyeh.
882 2509 1134 2604 ἱμοντολιγμός,
1156 2540 1238 2606 κρο-

128 2608 310 2707 οολεγροός,
331 2609 565 2702 uuunder-ptis,
582 2607 822 2700 ροηλιαοθμός,
844 2609 1128 2703 ὄπλοκαθορμός,
1149 2621 1236 2685 modu

128 2723 305 2799 retrahunt,
326 2712 565 2808 βούσταθμος,
586 2707 853 2803 γοποτόδοσμος,
872 2711 1092 2806 ζορόδοσμος,
1112 2719 1238 2790 κοιλιό-

129 2826 271 2913 deunce,
303 2815 529 2907 κυνόδεσμος,
564 2809 866 2904 οτροματόδεομος
896 2819 994 2904 (quud
1024 2843 1236 2909 nunnunquam

130 2929 249 2994 acuitur
270 2948 301 2990 v.
326 2926 362 2989 ad
384 2924 496 3009 Phryn.
520 2942 550 3005 ρ.
568 2917 683 3002 4014),
707 2918 944 3008 σκολόδεομος,
966 2916 1173 3012 οἷρόδεσμος,
1195 2928 1237 2995 si·

130 3032 243 3096 militer
271 3027 427 3114 adjectivis
457 3020 670 3109 λινόδεομος,
700 3015 907 3110 λογόδεομος
928 3036 995 3101 etc.
1041 3027 1117 3122 Tunn
1146 3028 1237 3094 aliter

130 3136 258 3220 figurata
278 3133 343 3196 siue
365 3129 426 3194 ullo
449 3126 689 3207 coordinatorum
713 3135 744 3189 et
762 3127 1024 3200 subordinatumau
1044 3128 1234 3195 discriminet

131 3224 373 3321 ἱπποποτομός
390 3231 526 3295 Dumasn.
545 3227 631 3293 Phct.
651 3227 726 3291 Cod.
742 3227 910 3292 MXLVlIl.
929 3227 1004 3294 557.
1028 3229 1154 3296 latinum
1174 3232 1238 3318 hip-

132 3349 303 3424 popotamus
327 3341 360 3400 u't
378 3335 564 3416 areopagus,
587 3331 663 3414 quod
686 3330 852 3415 elegantius
873 3332 1023 3396 dirimitur
1044 3339 1151 3409 ἵππος
1170 3359 1238 3402 πο-

130 3433 255 3526 οοῖμιος
276 3437 406 3502 Herode.
430 3434 468 3498 II.
493 3433 546 3498 71.
571 3429 722 3496 Plutarch.
746 3435 783 3498 de
804 3433 845 3498 ls.
869 3455 898 3498 c.
922 3433 976 3501 32.
1001 3446 1033 3499 ct
1053 3433 1107 3504 50.
1134 3436 1233 3502 Strab.

131 3542 204 3612 XV.
224 3539 298 3606 707.
322 3538 442 3604 Arrisit.
463 3536 527 3606 Iud.
547 3533 599 3602 VI.
620 3533 673 3604 38·
698 3557 731 3602 v.
748 3535 917 3604 I'Zsthutk.
940 3538 978 3606 ad
995 3538 1068 3606 Mul.
1092 3538 1163 3606 Vol.
1182 3539 1235 3604 III.

135 3711 346 3729 ”uun-¹·-

202 3828 248 3893 st)
272 3827 417 3895 Stephanus
432 3816 523 3895 Ἀγοιοῖ
545 3823 634 3897 (παραὶ
648 3823 682 3884 cd
700 3823 770 3900 ἔγω)
784 3826 819 3886 οἷς
835 3823 914 3900 nacci
930 3823 965 3885 sd
980 3824 1054 3898 ἅρπη
1076 3821 1171 3898 (ἕρπω
1188 3830 1238 3882 He·

133 3914 232 3966 rudiun.
253 3929 294 3982 ap.
312 3914 391 3967 Orion
409 3930 434 3981 ρ.
451 3913 510 3981 28.)
528 3906 645 3980 douvra,
663 3909 748 3987 ὀρέγοι
766 3915 870 3988 ἔργοιο.
895 3911 1009 3985 ’Ἅρπυια
1027 3923 1099 3969 certo
1116 3916 1239 3982 adjectivi

133 3999 217 4050 simile
240 4007 270 4051 ut
288 4002 388 4054 αἴθοπι
412 4002 431 4053 i.
451 4017 476 4068 q.
496 3994 582 4067 οἰθὴ,
605 4001 674 4076 dein
697 4002 716 4072 i.
736 4018 762 4068 q·
778 3998 852 4056 θῦοο
875 4003 918 4070 (ut
934 4005 1024 4073 φθῖοο
1045 3999 1163 4071 vidam*
1180 3997 1239 4056 οἷπὸ

131 4086 251 4158 φθίσεως
267 4086 393 4158 Hesych.)
410 4087 478 4154 apud
494 4086 702 4156 Lycophrcucm,
724 4083 866 4157 Ὠρείθυια
872 4122 891 4158 ,1
901 4084 1075 4152 namucus,
1098 4087 1147 4149 illa
1164 4102 1181 4139 a
1198 4087 1238 4159 fu-

131 4172 210 4224 rende
228 4174 359 4226 nominata
376 4180 407 4226 nt
423 4169 541 4240 atius,
563 4172 626 4224 naec
644 4186 661 4242 a
677 4172 858 4224 sacrificando.-
