2792 4725
284 319 345 389 on
378 316 578 387 asenec.
608 314 816 384 aornos.
847 317 876 403 ς.
899 316 935 383 ο.
1087 385 1091 394 ,
1124 318 1167 385 ετ

89 503 241 571 Schaelerus
260 500 364 569 hlelet.
386 521 416 585 p.
434 496 488 565 56.
511 497 608 563 utitur
628 496 665 561 ad
686 497 875 576 excusandos
889 495 1039 582 Euripidis
1059 497 1169 583 sigma·

88 608 173 673 tismos
198 628 256 669 non
285 604 355 669 illos
383 603 538 668 rhetorum
567 600 751 665 novitiorum
772 600 910 665 acumine
930 600 1085 677 inventos,
1115 601 1169 665 sed

85 710 201 793 stipsis
227 717 333 795 poetae
362 704 534 791 aequalibus
562 702 745 788 exagitatos.
788 702 887 787 Atque
908 702 965 767 hoo
986 723 1102 787 quoqne
1120 724 1171 767 ar·

84 804 235 897 mouentum
258 821 316 885 est,
341 808 482 895 quasdam
504 807 659 871 literarum
682 806 912 871 consecutiones
926 805 1036 869 hahere
1051 806 1169 890 quidem

84 916 146 999 qued
172 912 347 999 reprehendi
368 912 479 996 possit,
509 908 562 973 sed
585 928 646 971 non
669 906 848 992 reprehendi
875 907 984 993 ultique
1008 928 1106 993 neque
1131 910 1169 973 ah

82 1017 215 1094 omnihus,
233 1016 317 1101 cuia
338 1014 512 1099 plerumque
535 1011 623 1076 citius
644 1010 907 1097 praeterlabuntur
927 1026 1015 1096 qnam
1035 1012 1169 1077 animad-

82 1139 173 1183 versae
204 1129 286 1183 sunt.
330 1116 434 1201 ltaque
465 1114 537 1179 mihi
575 1134 636 1178 non
664 1113 822 1177 fonuitom
849 1114 982 1192 videtur,
1010 1114 1088 1198 quod
1108 1114 1170 1179 llo·

79 1242 164 1285 merns
190 1220 344 1289 πέπνυσο
374 1218 491 1304 quidem
520 1216 592 1283 dicit
621 1226 653 1281 ct
678 1212 855 1306 κεχόλωσο,
885 1216 939 1281 sed
967 1220 1080 1296 ἔσσυο,
1108 1238 1170 1283 non

79 1327 182 1396 ἔοοοοο
195 1322 251 1408 ¹⁶).
284 1322 398 1387 Verum
420 1318 645 1408 σεοοφιμένος
670 1318 764 1395 illud,
797 1318 874 1402 quod
903 1316 1105 1405 Goettlingius
1131 1320 1170 1385 ad

78 1424 138 1491 lles.
160 1424 229 1510 Opp.
251 1421 328 1489 649.
358 1424 458 1489 minus
488 1433 572 1487 recte
599 1442 666 1486 oum
696 1419 830 1505 legitimo
851 1422 1067 1510 κεκονιμένος
1089 1446 1169 1489 com·

78 1538 158 1615 parat,
179 1529 205 1593 si
225 1538 363 1591 veterum
379 1524 646 1590 Grammaticorum
668 1525 776 1608 aliquis
798 1523 936 1609 ecthlipsi
956 1526 1071 1591 aeolica
1091 1537 1170 1591 atte-

76 1643 182 1697 nuatum
203 1630 331 1705 diceret,
354 1626 479 1693 difficilis
504 1628 584 1693 foret
604 1628 763 1705 infitiatioe
788 1627 985 1693 sedl'zetnae
1006 1628 1169 1693 hicsermo
1223 1712 1227 1718 .

78 1743 125 1809 est,
149 1733 284 1816 idemque
314 1732 351 1795 ad
380 1730 456 1817 Lyc.
482 1728 556 1795 187.
579 1723 732 1819 ματεύω,
759 1730 869 1815 inquit,
897 1726 983 1799 socri
1008 1731 1170 1812 ἔκθλιψιν

76 1829 230 1921 clottario,
259 1833 318 1899 etsi
347 1833 421 1897 haec
450 1834 549 1918 potins
578 1844 626 1899 est
651 1832 844 1919 principalior
863 1836 979 1912 forma,
1006 1824 1168 1920 μαστεέοε

77 1938 176 2003 auctior
203 1948 238 2001 nt
267 1931 484 2023 μσοτροπὸς,
512 1928 660 2023 Ἄστρα,
696 1934 825 2019 δίσκος,
855 1935 999 2011 scissor,
1027 1926 1167 2021 κόσμος.

76 2040 228 2125 Eodemque
249 2048 413 2124 praetextu
433 2039 562 2104 fortasse
583 2039 631 2105 nsi
652 2051 725 2105 sunt
744 2040 795 2123 qui
823 2039 932 2126 Odyss.
957 2038 1015 2103 xl.
1040 2036 1094 2103 19.
1116 2060 1169 2104 tte·

75 2142 238 2231 ολομένων
259 2142 403 2225 legerunt
422 2162 455 2207 v.
474 2140 553 2206 Adn.
570 2143 606 2205 ad
620 2144 668 2228 ej.
686 2165 717 2229 p.
735 2140 810 2209 32⁰.
832 2152 864 2207 et
883 2142 914 2205 id
935 2140 1034 2217 hrevi,
1059 2152 1093 2205 ut
1113 2160 1170 2225 par

76 2256 122 2327 est,
147 2243 400 2329 antepenultima3
441 2266 517 2328 quae
540 2246 685 2331 monsedo
706 2244 739 2309 in
764 2242 888 2331 σοφέζω
917 2242 1040 2329 produci
1061 2243 1167 2328 possit,

75 2334 155 2434 neque
176 2348 306 2414 Vossius
329 2346 473 2434 explicet,
497 2370 593 2432 neque
613 2348 663 2434 qui
678 2351 744 2436 ejus
757 2346 938 2415 sententiam
951 2345 1070 2432 sequuti
1083 2356 1166 2410 sunt.

75 2450 191 2537 lienique
213 2450 293 2515 nihil
314 2451 468 2535 quisquam
490 2449 596 2516 afferat
617 2473 737 2530 censae,
761 2473 817 2517 cnr
837 2453 984 2516 Hesiodus
1006 2446 1168 2534 νενασμέ-

74 2577 121 2629 νος
138 2565 167 2619 et
178 2552 448 2640 πεπυκασμένος
463 2553 630 2630 admiserit,
652 2554 840 2620 recusaverit
852 2565 953 2618 autem
968 2551 1170 2641 σεσοφισμέ·

75 2680 130 2730 νος,
159 2661 242 2743 cujus
266 2677 342 2720 usus
369 2677 388 2720 a
415 2655 538 2722 Graecis
568 2677 719 2741 nunqnam
746 2657 938 2722 intermissus
958 2667 1018 2721 est.
1049 2657 1170 2720 ·Tcstes

75 2770 132 2823 suut
150 2761 330 2848 phocylides
350 2759 443 2826 Nuth.
464 2759 537 2826 122.
562 2759 714 2823 Plutarch.
737 2757 776 2822 V.
800 2759 876 2824 Luc.
896 2758 978 2822 XLI.
1001 2757 1077 2824 341.
1109 2757 1171 2822 Ga·

76 2858 125 2924 len.
143 2864 175 2926 dc
189 2863 280 2948 Hipp.
305 2872 337 2928 et
358 2863 433 2928 Plat.
451 2861 490 2926 ll.
514 2861 547 2938 5,
568 2860 645 2928 245.
669 2860 708 2925 Τ.
724 2861 765 2924 V.
788 2860 877 2946 niog.
897 2861 952 2925 lau.
968 2860 1008 2926 V.
1024 2860 1080 2926 90.
1102 2881 1170 2945 par·

77 2961 158 3048 icipio
184 2964 238 3029 illo
260 2965 331 3030 sine
353 2966 534 3030 dubitatione
556 2964 622 3040 usi,
653 2975 684 3028 et
710 2964 768 3029 hoc
791 2985 853 3028 non
881 2963 981 3029 lenius
1009 2967 1170 3051 νενοσφιὲ

81 3065 184 3149 σμένος
204 3068 288 3133 Plnt.
306 3068 345 3134 V.
364 3068 466 3152 Pomp.
484 3089 512 3132 ο.
528 3066 581 3131 lV.
605 3066 735 3132 Praese.-
746 3067 822 3151 reip.
839 3065 924 3130 Xlll.
949 3065 1023 3131 163.
1053 3067 1170 3132 Adver-

79 3165 140 3231 hinm
159 3169 363 3246 ἰσοστοισέως
384 3169 492 3234 Pollux
515 3168 594 3232 Vlll.
623 3167 676 3232 11.
699 3169 800 3253 rejicit
816 3180 851 3233 nt
871 3161 1025 3256 σκληρόν,
1048 3191 1109 3233 non
1131 3170 1169 3232 oh

82 3267 154 3354 tigna
187 3275 401 3360 trigeminum,
440 3293 508 3336 nant
537 3272 718 3356 adjectivum
746 3262 938 3345 ἰσοστάσιος
966 3269 1066 3355 paullo
1098 3281 1169 3335 ante

83 3377 322 3455 approbavisset
345 3376 381 3439 oh
403 3373 491 3439 aliam
514 3375 658 3477 qnandpm
680 3374 828 3438 rationem
841 3374 1067 3439 abstrusiorem.
1106 3373 1170 3436 ttu-

83 3470 134 3552 plcs
157 3463 208 3544 u—o'
223 3477 408 3550 consonanti
430 3476 608 3542 antecedere
641 3486 733 3560 negat
758 3475 934 3541 Eustethius
962 3499 992 3560 p.
1012 3473 1089 3553 886,
1113 3473 1167 3539 16.

84 3592 181 3662 conque
195 3601 317 3644 cansam
331 3601 411 3655 esse,
430 3599 484 3644 cur
497 3569 644 3670 κάσχεθε
660 3579 811 3643 scribatur
827 3589 859 3642 et
870 3570 1048 3666 δύστηνος,
1071 3597 1169 3661 neque

82 3693 127 3740 non
151 3693 266 3748 constat
295 3677 506 3773 πρόςσχισμο
527 3683 654 3762 Aristot.
680 3680 891 3744 Ροο61.ΧΙΧ.
916 3679 969 3746 18.
992 3672 1170 3769 προςσχοέν
1306 3683 1310 3697 ’

82 3781 185 3846 thdn.
207 3786 244 3848 ad
264 3784 382 3873 Phryn.
404 3809 435 3873 p.
460 3784 536 3852 673.
568 3783 722 3848 Schaeier.
746 3783 783 3847 ad
802 3782 915 3849 Julian.
939 3785 1038 3849 Praei.
1063 3781 1175 3861 xxn.

82 3873 161 3966 Poppo
179 3887 214 3960 ad
234 3887 332 3952 Thuc.
349 3886 405 3954 IV.
430 3887 484 3967 11,
513 3889 546 3955 3.
577 3887 763 3974 δνστομεῖν
789 3909 822 3952 r.
845 3888 1011 3953 Hermann.
1042 3886 1170 3952 added.

83 4027 267 4054 *⁸*-

83 4197 94 4218 ,
135 4119 587 4194 16)1111618111661ἰ’ὐτοσε11.Χ.
608 4128 671 4186 791.
695 4130 864 4184 Aristarchus
880 4131 962 4187 ierne
986 4129 1106 4195 scripsit3
1135 4126 1170 4176 de

85 4219 159 4261 ιπσσο
175 4209 204 4261 ll.
216 4212 263 4264 xl.
279 4215 339 4270 stt.
358 4215 422 4271 XX.
442 4215 503 4272 117.
522 4216 589 4270 nihil
604 4217 753 4271 adnotatur.

108 4287 202 4349 buch.
219 4299 342 4370 Porole'p.
935 4293 959 4359 2
