<?xml version="1.0" encoding="UTF-8"?>
<!DOCTYPE html PUBLIC "-//W3C//DTD XHTML 1.0 Transitional//EN"
    "http://www.w3.org/TR/xhtml1/DTD/xhtml1-transitional.dtd">
<html xmlns="http://www.w3.org/1999/xhtml" xml:lang="en" lang="en">
 <head>
  <title>
</title>
<meta http-equiv="Content-Type" content="text/html;charset=utf-8" />
  <meta name='ocr-system' content='tesseract 3.04.00' />
  <meta name='ocr-capabilities' content='ocr_page ocr_carea ocr_par ocr_line ocrx_word'/>
</head>
<body>
  <div class='ocr_page' id='page_1' title='image "./paralipomenagra02lobegoog/paralipomenagra02lobegoog_0218.png"; bbox 0 0 2792 4725; ppageno 0'>
   <div class='ocr_carea' id='block_1_1' title="bbox 154 126 917 340">
    <p class='ocr_par' dir='ltr' id='par_1_1' title="bbox 154 126 917 340">
     <span class='ocr_line' id='line_1_1' title="bbox 621 126 695 193; baseline 0 0"><span class='ocrx_word' id='word_1_1' title='bbox 621 162 624 166; x_wconf 43' lang='lat'><em>1</em></span> <span class='ocrx_word' id='word_1_2' title='bbox 688 126 695 193; x_wconf 88' lang='lat' dir='ltr'><strong>l</strong></span> 
     </span>
     <span class='ocr_line' id='line_1_2' title="bbox 154 269 917 340; baseline -0.001 0"><span class='ocrx_word' id='word_1_3' title='bbox 154 273 228 340; x_wconf 76' lang='grc'><strong>900</strong></span> <span class='ocrx_word' id='word_1_4' title='bbox 506 269 823 339; x_wconf 73' lang='lat' dir='ltr'><strong>nissenrnrtd</strong></span> <span class='ocrx_word' id='word_1_5' title='bbox 852 269 917 340; x_wconf 95' lang='grc'><strong>111.</strong></span> 
     </span>
    </p>
   </div>
   <div class='ocr_carea' id='block_1_2' title="bbox 69 447 1318 1497">
    <p class='ocr_par' dir='ltr' id='par_1_2' title="bbox 69 447 1318 1462">
     <span class='ocr_line' id='line_1_3' title="bbox 156 447 1254 544; baseline 0 -28"><span class='ocrx_word' id='word_1_6' title='bbox 156 450 330 516; x_wconf 79' lang='lat' dir='ltr'><strong>nominativi</strong></span> <span class='ocrx_word' id='word_1_7' title='bbox 358 453 502 528; x_wconf 82' lang='lat' dir='ltr'><strong>formam,</strong></span> <span class='ocrx_word' id='word_1_8' title='bbox 530 447 752 539; x_wconf 80' lang='grc' dir='ltr'><strong><em>όαιιρόιλινος</em></strong></span> <span class='ocrx_word' id='word_1_9' title='bbox 784 451 897 544; x_wconf 78' lang='grc' dir='ltr'><strong><em>ἕχιιλνα</em></strong></span> <span class='ocrx_word' id='word_1_10' title='bbox 929 453 1075 538; x_wconf 87' lang='lat' dir='ltr'><strong>Epiphau.</strong></span> <span class='ocrx_word' id='word_1_11' title='bbox 1110 475 1138 518; x_wconf 90' lang='lat' dir='ltr'><strong>c.</strong></span> <span class='ocrx_word' id='word_1_12' title='bbox 1164 453 1254 518; x_wconf 86' lang='lat' dir='ltr'><strong>Haer.</strong></span> 
     </span>
     <span class='ocr_line' id='line_1_4' title="bbox 145 547 1255 646; baseline -0.001 -28"><span class='ocrx_word' id='word_1_13' title='bbox 145 555 192 622; x_wconf 78' lang='grc'><strong>,1.</strong></span> <span class='ocrx_word' id='word_1_14' title='bbox 216 554 254 617; x_wconf 94' lang='grc'><strong>11.</strong></span> <span class='ocrx_word' id='word_1_15' title='bbox 279 576 309 640; x_wconf 92' lang='lat' dir='ltr'><strong>p.</strong></span> <span class='ocrx_word' id='word_1_16' title='bbox 335 552 408 619; x_wconf 93' lang='grc'><strong>101.</strong></span> <span class='ocrx_word' id='word_1_17' title='bbox 432 553 470 617; x_wconf 87' lang='grc'><strong>0.</strong></span> <span class='ocrx_word' id='word_1_18' title='bbox 493 547 710 645; x_wconf 81' lang='grc' dir='ltr'><strong><em>τριγλόχινον</em></strong></span> <span class='ocrx_word' id='word_1_19' title='bbox 728 568 817 641; x_wconf 79' lang='grc' dir='ltr'><strong><em>τρεῖς</em></strong></span> <span class='ocrx_word' id='word_1_20' title='bbox 840 554 957 630; x_wconf 68' lang='lat' dir='ltr'><strong>ciceides</strong></span> <span class='ocrx_word' id='word_1_21' title='bbox 970 560 1048 646; x_wconf 85' lang='grc' dir='ltr'><strong><em>έχον</em></strong></span> <span class='ocrx_word' id='word_1_22' title='bbox 1061 556 1162 642; x_wconf 85' lang='lat' dir='ltr'><strong>Etym.</strong></span> <span class='ocrx_word' id='word_1_23' title='bbox 1178 555 1255 618; x_wconf 90' lang='lat' dir='ltr'><strong>Gud.</strong></span> 
     </span>
     <span class='ocr_line' id='line_1_5' title="bbox 156 652 1259 746; baseline 0.001 -25"><span class='ocrx_word' id='word_1_24' title='bbox 156 681 186 743; x_wconf 92' lang='lat' dir='ltr'><strong>p.</strong></span> <span class='ocrx_word' id='word_1_25' title='bbox 211 657 285 722; x_wconf 83' lang='lat'><strong>535.</strong></span> <span class='ocrx_word' id='word_1_26' title='bbox 308 652 505 746; x_wconf 81' lang='grc' dir='ltr'><strong><em>τριγλόχινα</em></strong></span> <span class='ocrx_word' id='word_1_27' title='bbox 530 653 611 732; x_wconf 79' lang='grc' dir='ltr'><strong><em>τόξα</em></strong></span> <span class='ocrx_word' id='word_1_28' title='bbox 644 656 797 745; x_wconf 75' lang='grc' dir='ltr'><strong><em>τρίγωνα</em></strong></span> <span class='ocrx_word' id='word_1_29' title='bbox 826 658 908 722; x_wconf 89' lang='lat' dir='ltr'><strong>Suid.</strong></span> <span class='ocrx_word' id='word_1_30' title='bbox 939 655 1259 744; x_wconf 76' lang='grc' dir='ltr'><strong><em>όκςωόίνοιαγενέ-</em></strong></span> 
     </span>
     <span class='ocr_line' id='line_1_6' title="bbox 156 753 1260 856; baseline -0.002 -32"><span class='ocrx_word' id='word_1_31' title='bbox 156 763 245 847; x_wconf 77' lang='grc' dir='ltr'><strong><em>θλης</em></strong></span> <span class='ocrx_word' id='word_1_32' title='bbox 260 759 363 844; x_wconf 80' lang='lat' dir='ltr'><strong>Epigr.</strong></span> <span class='ocrx_word' id='word_1_33' title='bbox 379 759 490 856; x_wconf 75' lang='lat' dir='ltr'><strong>Adesp.</strong></span> <span class='ocrx_word' id='word_1_34' title='bbox 515 757 593 825; x_wconf 85' lang='lat' dir='ltr'><strong>CIV.</strong></span> <span class='ocrx_word' id='word_1_35' title='bbox 614 753 784 844; x_wconf 73' lang='grc' dir='ltr'><strong><em>αἰτήρινορ</em></strong></span> <span class='ocrx_word' id='word_1_36' title='bbox 809 755 909 849; x_wconf 80' lang='grc' dir='ltr'><strong>1χοος</strong></span> <span class='ocrx_word' id='word_1_37' title='bbox 927 761 1037 826; x_wconf 82' lang='lat' dir='ltr'><strong>Athen.</strong></span> <span class='ocrx_word' id='word_1_38' title='bbox 1056 760 1122 825; x_wconf 92' lang='lat' dir='ltr'><strong>Vll.</strong></span> <span class='ocrx_word' id='word_1_39' title='bbox 1135 758 1209 824; x_wconf 92' lang='grc'><strong>299.</strong></span> <span class='ocrx_word' id='word_1_40' title='bbox 1220 759 1260 822; x_wconf 91' lang='lat' dir='ltr'><strong>A.</strong></span> 
     </span>
     <span class='ocr_line' id='line_1_7' title="bbox 156 859 1263 947; baseline -0.004 -19"><span class='ocrx_word' id='word_1_41' title='bbox 156 863 338 928; x_wconf 88' lang='lat' dir='ltr'><strong>Neutrurum</strong></span> <span class='ocrx_word' id='word_1_42' title='bbox 359 859 417 927; x_wconf 76' lang='lat' dir='ltr'><strong>ine</strong></span> <span class='ocrx_word' id='word_1_43' title='bbox 439 860 614 924; x_wconf 76' lang='lat' dir='ltr'><strong>exeuntium</strong></span> <span class='ocrx_word' id='word_1_44' title='bbox 636 861 817 926; x_wconf 89' lang='lat' dir='ltr'><strong>Aristotcles</strong></span> <span class='ocrx_word' id='word_1_45' title='bbox 839 883 899 926; x_wconf 91' lang='lat' dir='ltr'><strong>non</strong></span> <span class='ocrx_word' id='word_1_46' title='bbox 922 863 988 947; x_wconf 90' lang='lat' dir='ltr'><strong>plus</strong></span> <span class='ocrx_word' id='word_1_47' title='bbox 1013 884 1099 946; x_wconf 91' lang='lat' dir='ltr'><strong>quam</strong></span> <span class='ocrx_word' id='word_1_48' title='bbox 1122 862 1181 926; x_wconf 86' lang='lat' dir='ltr'><strong>tria</strong></span> <span class='ocrx_word' id='word_1_49' title='bbox 1207 881 1263 924; x_wconf 92' lang='lat' dir='ltr'><strong>no·</strong></span> 
     </span>
     <span class='ocr_line' id='line_1_8' title="bbox 158 958 1265 1052; baseline -0.001 -22"><span class='ocrx_word' id='word_1_50' title='bbox 158 967 204 1030; x_wconf 81' lang='lat' dir='ltr'><strong>rit</strong></span> <span class='ocrx_word' id='word_1_51' title='bbox 231 964 326 1052; x_wconf 89' lang='grc' dir='ltr'><strong><em>μέλι,</em></strong></span> <span class='ocrx_word' id='word_1_52' title='bbox 352 958 480 1049; x_wconf 91' lang='grc' dir='ltr'><strong><em>κόμμι,</em></strong></span> <span class='ocrx_word' id='word_1_53' title='bbox 507 962 629 1048; x_wconf 80' lang='grc' dir='ltr'><strong><em>πέπερι</em></strong></span> <span class='ocrx_word' id='word_1_54' title='bbox 650 963 734 1026; x_wconf 90' lang='lat' dir='ltr'><strong>Poet.</strong></span> <span class='ocrx_word' id='word_1_55' title='bbox 758 963 846 1028; x_wconf 85' lang='lat' dir='ltr'>XXI.</span> <span class='ocrx_word' id='word_1_56' title='bbox 871 985 1033 1050; x_wconf 86' lang='lat' dir='ltr'><strong>eorumque</strong></span> <span class='ocrx_word' id='word_1_57' title='bbox 1061 985 1153 1029; x_wconf 88' lang='lat' dir='ltr'><strong>unum</strong></span> <span class='ocrx_word' id='word_1_58' title='bbox 1184 963 1265 1050; x_wconf 87' lang='grc' dir='ltr'><strong><em>μέλι</em></strong></span> 
     </span>
     <span class='ocr_line' id='line_1_9' title="bbox 158 1061 1259 1152; baseline 0.001 -22"><span class='ocrx_word' id='word_1_59' title='bbox 158 1088 299 1152; x_wconf 82' lang='lat' dir='ltr'><strong>graecum</strong></span> <span class='ocrx_word' id='word_1_60' title='bbox 324 1065 481 1149; x_wconf 73' lang='lat' dir='ltr'><strong>perhibent</strong></span> <span class='ocrx_word' id='word_1_61' title='bbox 501 1064 612 1128; x_wconf 83' lang='lat' dir='ltr'><strong>Athen.</strong></span> <span class='ocrx_word' id='word_1_62' title='bbox 636 1063 674 1127; x_wconf 92' lang='grc'><strong>11.</strong></span> <span class='ocrx_word' id='word_1_63' title='bbox 698 1061 752 1128; x_wconf 87' lang='grc'><strong>07.</strong></span> <span class='ocrx_word' id='word_1_64' title='bbox 776 1066 811 1129; x_wconf 83' lang='lat' dir='ltr'><strong>F.</strong></span> <span class='ocrx_word' id='word_1_65' title='bbox 840 1078 873 1134; x_wconf 87' lang='lat' dir='ltr'><strong>et</strong></span> <span class='ocrx_word' id='word_1_66' title='bbox 903 1066 1121 1130; x_wconf 77' lang='lat' dir='ltr'><strong>Grammaticus</strong></span> <span class='ocrx_word' id='word_1_67' title='bbox 1150 1067 1259 1131; x_wconf 86' lang='lat' dir='ltr'><strong>¹Herm.</strong></span> 
     </span>
     <span class='ocr_line' id='line_1_10' title="bbox 69 1163 1262 1261; baseline 0 -27"><span class='ocrx_word' id='word_1_68' title='bbox 69 1255 72 1261; x_wconf 24' lang='grc'>1</span> <span class='ocrx_word' id='word_1_69' title='bbox 157 1169 197 1235; x_wconf 85' lang='lat' dir='ltr'><strong>N.</strong></span> <span class='ocrx_word' id='word_1_70' title='bbox 221 1168 276 1244; x_wconf 84' lang='grc'><strong>31,</strong></span> <span class='ocrx_word' id='word_1_71' title='bbox 299 1166 373 1232; x_wconf 88' lang='grc'><strong>323.</strong></span> <span class='ocrx_word' id='word_1_72' title='bbox 398 1168 475 1250; x_wconf 88' lang='lat' dir='ltr'><strong>quod</strong></span> <span class='ocrx_word' id='word_1_73' title='bbox 501 1177 537 1230; x_wconf 87' lang='lat' dir='ltr'><strong>et</strong></span> <span class='ocrx_word' id='word_1_74' title='bbox 556 1166 694 1251; x_wconf 84' lang='lat' dir='ltr'><strong>synthesi</strong></span> <span class='ocrx_word' id='word_1_75' title='bbox 717 1179 817 1250; x_wconf 90' lang='lat' dir='ltr'><strong>aptum</strong></span> <span class='ocrx_word' id='word_1_76' title='bbox 839 1163 1031 1256; x_wconf 79' lang='grc' dir='ltr'><strong><em>ιόμέλιτος,</em></strong></span> <span class='ocrx_word' id='word_1_77' title='bbox 1063 1163 1262 1255; x_wconf 79' lang='grc' dir='ltr'><strong><em>ιόμελιτειν,</em></strong></span> 
     </span>
     <span class='ocr_line' id='line_1_11' title="bbox 157 1264 1263 1360; baseline -0.002 -22"><span class='ocrx_word' id='word_1_78' title='bbox 157 1267 411 1360; x_wconf 78' lang='grc' dir='ltr'><strong><em>μελιτοιιργεῖν,</em></strong></span> <span class='ocrx_word' id='word_1_79' title='bbox 439 1279 471 1332; x_wconf 90' lang='lat' dir='ltr'><strong>et</strong></span> <span class='ocrx_word' id='word_1_80' title='bbox 497 1267 646 1351; x_wconf 85' lang='lat' dir='ltr'><strong>parathesi</strong></span> <span class='ocrx_word' id='word_1_81' title='bbox 673 1264 840 1355; x_wconf 83' lang='grc' dir='ltr'><strong><em>όιτόμελι,</em></strong></span> <span class='ocrx_word' id='word_1_82' title='bbox 871 1267 1056 1356; x_wconf 80' lang='grc' dir='ltr'><strong><em>έλαιόμελι,</em></strong></span> <span class='ocrx_word' id='word_1_83' title='bbox 1082 1267 1263 1358; x_wconf 83' lang='grc' dir='ltr'><strong><em>μφλόμελι,</em></strong></span> 
     </span>
     <span class='ocr_line' id='line_1_12' title="bbox 158 1366 1318 1497; baseline -0.002 -55"><span class='ocrx_word' id='word_1_84' title='bbox 158 1369 381 1497; x_wconf 80' lang='grc' dir='ltr'><strong><em>όμφακόμελι,</em></strong></span> <span class='ocrx_word' id='word_1_85' title='bbox 407 1366 541 1456; x_wconf 79' lang='grc' dir='ltr'><strong><em>ὀξύμελι</em></strong></span> <span class='ocrx_word' id='word_1_86' title='bbox 559 1380 618 1434; x_wconf 89' lang='lat' dir='ltr'><strong>etc.</strong></span> <span class='ocrx_word' id='word_1_87' title='bbox 662 1370 775 1434; x_wconf 75' lang='lat' dir='ltr'><strong>Cetera</strong></span> <span class='ocrx_word' id='word_1_88' title='bbox 796 1383 909 1448; x_wconf 87' lang='lat' dir='ltr'><strong>autem,</strong></span> <span class='ocrx_word' id='word_1_89' title='bbox 933 1371 1061 1458; x_wconf 77' lang='grc' dir='ltr'><strong><em>σίνηαι,</em></strong></span> <span class='ocrx_word' id='word_1_90' title='bbox 1083 1387 1162 1452; x_wconf 84' lang='grc' dir='ltr'><strong><em>κῐκι,</em></strong></span> <span class='ocrx_word' id='word_1_91' title='bbox 1177 1371 1264 1460; x_wconf 93' lang='grc' dir='ltr'><strong><em>κόμ-</em></strong></span> <span class='ocrx_word' id='word_1_92' title='bbox 1316 1437 1318 1440; x_wconf 86' lang='grc'><strong>.</strong></span> 
     </span>
    </p>
   </div>
   <div class='ocr_carea' id='block_1_3' title="bbox 20 1470 1374 1678">
    <p class='ocr_par' dir='ltr' id='par_1_3' title="bbox 20 1470 1374 1666">
     <span class='ocr_line' id='line_1_13' title="bbox 20 1470 1259 1566; baseline -0.006 -21"><span class='ocrx_word' id='word_1_93' title='bbox 20 1480 23 1485; x_wconf 49' lang='lat'><strong>⁴</strong></span> <span class='ocrx_word' id='word_1_94' title='bbox 158 1503 213 1566; x_wconf 88' lang='grc' dir='ltr'><strong>μι,</strong></span> <span class='ocrx_word' id='word_1_95' title='bbox 242 1472 355 1565; x_wconf 85' lang='grc' dir='ltr'><strong><em>στόχι,</em></strong></span> <span class='ocrx_word' id='word_1_96' title='bbox 385 1471 527 1559; x_wconf 83' lang='grc' dir='ltr'><strong><em>στέμμι,</em></strong></span> <span class='ocrx_word' id='word_1_97' title='bbox 556 1470 757 1565; x_wconf 77' lang='grc' dir='ltr'><strong>κιννάβαρι,</strong></span> <span class='ocrx_word' id='word_1_98' title='bbox 792 1474 911 1538; x_wconf 85' lang='lat' dir='ltr'><strong>exotica</strong></span> <span class='ocrx_word' id='word_1_99' title='bbox 934 1476 1073 1539; x_wconf 90' lang='lat' dir='ltr'><strong>dicuntur</strong></span> <span class='ocrx_word' id='word_1_100' title='bbox 1093 1476 1206 1544; x_wconf 89' lang='lat' dir='ltr'><strong>Anccd.</strong></span> <span class='ocrx_word' id='word_1_101' title='bbox 1230 1496 1259 1560; x_wconf 91' lang='lat' dir='ltr'><strong>p.</strong></span> 
     </span>
     <span class='ocr_line' id='line_1_14' title="bbox 105 1567 1374 1678; baseline -0.004 -32"><span class='ocrx_word' id='word_1_102' title='bbox 105 1649 115 1657; x_wconf 63' lang='grc'><strong><em>,</em></strong></span> <span class='ocrx_word' id='word_1_103' title='bbox 161 1578 256 1668; x_wconf 91' lang='grc'><strong>1208.</strong></span> <span class='ocrx_word' id='word_1_104' title='bbox 272 1588 304 1641; x_wconf 93' lang='lat' dir='ltr'><strong>et</strong></span> <span class='ocrx_word' id='word_1_105' title='bbox 299 1576 449 1665; x_wconf 71' lang='grc' dir='ltr'><strong><em>βέρβερι</em></strong></span> <span class='ocrx_word' id='word_1_106' title='bbox 460 1576 586 1658; x_wconf 84' lang='lat' dir='ltr'><strong>Eustp</strong></span> <span class='ocrx_word' id='word_1_107' title='bbox 599 1567 678 1651; x_wconf 87' lang='grc'><strong>759,</strong></span> <span class='ocrx_word' id='word_1_108' title='bbox 690 1574 743 1640; x_wconf 81' lang='grc'><strong>50.</strong></span> <span class='ocrx_word' id='word_1_109' title='bbox 768 1575 817 1659; x_wconf 86' lang='lat' dir='ltr'><strong>qui</strong></span> <span class='ocrx_word' id='word_1_110' title='bbox 839 1599 928 1660; x_wconf 89' lang='lat' dir='ltr'><strong>quum</strong></span> <span class='ocrx_word' id='word_1_111' title='bbox 951 1577 1007 1642; x_wconf 88' lang='lat' dir='ltr'><strong>soli</strong></span> <span class='ocrx_word' id='word_1_112' title='bbox 1027 1579 1105 1666; x_wconf 93' lang='grc' dir='ltr'><strong><em>μέλι</em></strong></span> <span class='ocrx_word' id='word_1_113' title='bbox 1127 1599 1264 1678; x_wconf 80' lang='lat' dir='ltr'><strong>graecam</strong></span> <span class='ocrx_word' id='word_1_114' title='bbox 1371 1657 1374 1664; x_wconf 26' lang='grc' dir='ltr'>Ι</span> 
     </span>
    </p>
   </div>
   <div class='ocr_carea' id='block_1_4' title="bbox 160 1653 1318 2179">
    <p class='ocr_par' dir='ltr' id='par_1_4' title="bbox 160 1653 1318 2179">
     <span class='ocr_line' id='line_1_15' title="bbox 160 1653 1265 1769; baseline -0.004 -21"><span class='ocrx_word' id='word_1_115' title='bbox 160 1683 307 1769; x_wconf 78' lang='lat' dir='ltr'><strong>originem</strong></span> <span class='ocrx_word' id='word_1_116' title='bbox 330 1679 466 1743; x_wconf 80' lang='lat' dir='ltr'><strong>concedo</strong></span> <span class='ocrx_word' id='word_1_117' title='bbox 484 1699 514 1761; x_wconf 94' lang='lat' dir='ltr'><strong>p</strong></span> <span class='ocrx_word' id='word_1_118' title='bbox 532 1675 608 1756; x_wconf 81' lang='lat'><strong>846,</strong></span> <span class='ocrx_word' id='word_1_119' title='bbox 622 1675 676 1741; x_wconf 89' lang='grc'><strong>50.</strong></span> <span class='ocrx_word' id='word_1_120' title='bbox 692 1679 783 1742; x_wconf 88' lang='lat' dir='ltr'><strong>tacite</strong></span> <span class='ocrx_word' id='word_1_121' title='bbox 805 1679 1050 1745; x_wconf 87' lang='lat' dir='ltr'><strong>circumscribere</strong></span> <span class='ocrx_word' id='word_1_122' title='bbox 1072 1653 1191 1747; x_wconf 74' lang='lat' dir='ltr'><strong>videlur</strong></span> <span class='ocrx_word' id='word_1_123' title='bbox 1212 1679 1265 1744; x_wconf 91' lang='lat' dir='ltr'><strong>illa</strong></span> 
     </span>
     <span class='ocr_line' id='line_1_16' title="bbox 160 1779 1265 1878; baseline -0.001 -27"><span class='ocrx_word' id='word_1_124' title='bbox 160 1806 237 1872; x_wconf 87' lang='lat' dir='ltr'><strong>quac</strong></span> <span class='ocrx_word' id='word_1_125' title='bbox 267 1783 474 1878; x_wconf 78' lang='lat' dir='ltr'><strong>Theogucstus</strong></span> <span class='ocrx_word' id='word_1_126' title='bbox 503 1780 592 1844; x_wconf 81' lang='lat' dir='ltr'><strong>affert</strong></span> <span class='ocrx_word' id='word_1_127' title='bbox 616 1779 732 1844; x_wconf 90' lang='lat' dir='ltr'><strong>Auccd.</strong></span> <span class='ocrx_word' id='word_1_128' title='bbox 766 1779 867 1845; x_wconf 83' lang='lat' dir='ltr'><strong>Crem.</strong></span> <span class='ocrx_word' id='word_1_129' title='bbox 898 1780 937 1844; x_wconf 94' lang='grc'><strong>11.</strong></span> <span class='ocrx_word' id='word_1_130' title='bbox 962 1781 1016 1848; x_wconf 88' lang='grc'><strong>79</strong></span> <span class='ocrx_word' id='word_1_131' title='bbox 1041 1795 1072 1848; x_wconf 87' lang='lat' dir='ltr'><strong>et</strong></span> <span class='ocrx_word' id='word_1_132' title='bbox 1094 1783 1168 1849; x_wconf 91' lang='grc'><strong>120.</strong></span> <span class='ocrx_word' id='word_1_133' title='bbox 1192 1780 1265 1868; x_wconf 88' lang='grc' dir='ltr'><strong><em>κόρι</em></strong></span> 
     </span>
     <span class='ocr_line' id='line_1_17' title="bbox 160 1879 1263 1972; baseline -0.005 -16"><span class='ocrx_word' id='word_1_134' title='bbox 160 1887 200 1956; x_wconf 90' lang='grc' dir='ltr'><strong>τό</strong></span> <span class='ocrx_word' id='word_1_135' title='bbox 225 1883 427 1972; x_wconf 80' lang='grc' dir='ltr'><strong><em>κορίαννον,</em></strong></span> <span class='ocrx_word' id='word_1_136' title='bbox 458 1883 533 1966; x_wconf 88' lang='lat' dir='ltr'><strong>quod</strong></span> <span class='ocrx_word' id='word_1_137' title='bbox 564 1883 702 1946; x_wconf 86' lang='lat' dir='ltr'><strong>nonnulli</strong></span> <span class='ocrx_word' id='word_1_138' title='bbox 729 1905 748 1948; x_wconf 90' lang='lat' dir='ltr'><strong>a</strong></span> <span class='ocrx_word' id='word_1_139' title='bbox 777 1879 867 1970; x_wconf 75' lang='grc' dir='ltr'><strong><em>κόριρ</em></strong></span> <span class='ocrx_word' id='word_1_140' title='bbox 895 1885 1116 1951; x_wconf 88' lang='lat' dir='ltr'><strong>denominatum</strong></span> <span class='ocrx_word' id='word_1_141' title='bbox 1147 1895 1263 1971; x_wconf 84' lang='lat' dir='ltr'><strong>putant,</strong></span> 
     </span>
     <span class='ocr_line' id='line_1_18' title="bbox 161 1979 1318 2078; baseline -0.001 -23"><span class='ocrx_word' id='word_1_142' title='bbox 161 1987 282 2078; x_wconf 90' lang='grc' dir='ltr'><strong><em>κόμμι,</em></strong></span> <span class='ocrx_word' id='word_1_143' title='bbox 304 1986 436 2070; x_wconf 82' lang='grc' dir='ltr'><strong><em>πέπερι,</em></strong></span> <span class='ocrx_word' id='word_1_144' title='bbox 453 1979 647 2072; x_wconf 76' lang='grc' dir='ltr'><strong><em>κιννάβαρι,</em></strong></span> <span class='ocrx_word' id='word_1_145' title='bbox 670 1981 753 2072; x_wconf 82' lang='grc' dir='ltr'><strong><em>ὅπερ</em></strong></span> <span class='ocrx_word' id='word_1_146' title='bbox 776 1991 809 2052; x_wconf 87' lang='grc' dir='ltr'><strong>οἱ</strong></span> <span class='ocrx_word' id='word_1_147' title='bbox 825 1984 971 2054; x_wconf 75' lang='grc' dir='ltr'><strong><em>Ἀττικοὶ</em></strong></span> <span class='ocrx_word' id='word_1_148' title='bbox 998 1985 1176 2078; x_wconf 74' lang='grc' dir='ltr'><strong><em>τιγγόβαρι</em></strong></span> <span class='ocrx_word' id='word_1_149' title='bbox 1196 2013 1265 2076; x_wconf 87' lang='grc' dir='ltr'><strong>φα·</strong></span> <span class='ocrx_word' id='word_1_150' title='bbox 1315 1992 1318 1996; x_wconf 80' lang='grc'><strong><em>’</em></strong></span> 
     </span>
     <span class='ocr_line' id='line_1_19' title="bbox 163 2083 1266 2179; baseline -0.003 -23"><span class='ocrx_word' id='word_1_151' title='bbox 163 2093 208 2171; x_wconf 80' lang='grc' dir='ltr'><strong>σέ,</strong></span> <span class='ocrx_word' id='word_1_152' title='bbox 232 2087 362 2179; x_wconf 77' lang='grc' dir='ltr'><strong><em>τόγιιρι,</em></strong></span> <span class='ocrx_word' id='word_1_153' title='bbox 386 2083 526 2178; x_wconf 79' lang='grc' dir='ltr'><strong><em>χνόαμι,</em></strong></span> <span class='ocrx_word' id='word_1_154' title='bbox 548 2083 637 2173; x_wconf 88' lang='grc' dir='ltr'><strong><em>κόρι,</em></strong></span> <span class='ocrx_word' id='word_1_155' title='bbox 661 2088 779 2164; x_wconf 82' lang='grc' dir='ltr'><strong><em>σέσελι,</em></strong></span> <span class='ocrx_word' id='word_1_156' title='bbox 804 2109 879 2172; x_wconf 87' lang='lat' dir='ltr'><strong>quae</strong></span> <span class='ocrx_word' id='word_1_157' title='bbox 897 2088 1150 2179; x_wconf 79' lang='lat' dir='ltr'><strong>pr&#39;aetercclyvpc</strong></span> <span class='ocrx_word' id='word_1_158' title='bbox 1167 2091 1266 2162; x_wconf 82' lang='lat' dir='ltr'><strong>omnia</strong></span> 
     </span>
    </p>
   </div>
   <div class='ocr_carea' id='block_1_5' title="bbox 23 2188 1265 2284">
    <p class='ocr_par' dir='ltr' id='par_1_5' title="bbox 23 2188 1265 2284">
     <span class='ocr_line' id='line_1_20' title="bbox 23 2188 1265 2284; baseline -0.002 -22"><span class='ocrx_word' id='word_1_159' title='bbox 23 2188 26 2191; x_wconf 34' lang='lat'>¹</span> <span class='ocrx_word' id='word_1_160' title='bbox 162 2207 235 2262; x_wconf 88' lang='lat' dir='ltr'><strong>sunt</strong></span> <span class='ocrx_word' id='word_1_161' title='bbox 255 2191 401 2275; x_wconf 76' lang='lat' dir='ltr'><strong>seplasiae</strong></span> <span class='ocrx_word' id='word_1_162' title='bbox 422 2190 577 2266; x_wconf 88' lang='lat' dir='ltr'><strong>vocabula,</strong></span> <span class='ocrx_word' id='word_1_163' title='bbox 601 2190 742 2274; x_wconf 83' lang='lat' dir='ltr'><strong>pleraque</strong></span> <span class='ocrx_word' id='word_1_164' title='bbox 765 2201 853 2267; x_wconf 85' lang='lat' dir='ltr'><strong>note,</strong></span> <span class='ocrx_word' id='word_1_165' title='bbox 876 2193 1010 2275; x_wconf 86' lang='lat' dir='ltr'><strong>exceptis</strong></span> <span class='ocrx_word' id='word_1_166' title='bbox 1032 2191 1108 2278; x_wconf 88' lang='grc' dir='ltr'><strong><em>κόρι</em></strong></span> <span class='ocrx_word' id='word_1_167' title='bbox 1130 2204 1162 2258; x_wconf 90' lang='lat' dir='ltr'><strong>et</strong></span> <span class='ocrx_word' id='word_1_168' title='bbox 1181 2190 1265 2284; x_wconf 85' lang='grc' dir='ltr'><strong><em>χνό-</em></strong></span> 
     </span>
    </p>
   </div>
   <div class='ocr_carea' id='block_1_6' title="bbox 124 2285 1291 3309">
    <p class='ocr_par' dir='ltr' id='par_1_6' title="bbox 124 2285 1268 2897">
     <span class='ocr_line' id='line_1_21' title="bbox 124 2285 1267 2387; baseline 0.003 -30"><span class='ocrx_word' id='word_1_169' title='bbox 124 2363 129 2374; x_wconf 57' lang='grc'>,</span> <span class='ocrx_word' id='word_1_170' title='bbox 163 2324 237 2387; x_wconf 68' lang='lat' dir='ltr'><strong>opt,</strong></span> <span class='ocrx_word' id='word_1_171' title='bbox 263 2295 322 2358; x_wconf 91' lang='lat' dir='ltr'><strong>nisi</strong></span> <span class='ocrx_word' id='word_1_172' title='bbox 343 2292 395 2356; x_wconf 91' lang='lat' dir='ltr'><strong>ille</strong></span> <span class='ocrx_word' id='word_1_173' title='bbox 416 2285 517 2376; x_wconf 80' lang='grc' dir='ltr'><strong><em>όκαρι</em></strong></span> <span class='ocrx_word' id='word_1_174' title='bbox 544 2301 575 2354; x_wconf 92' lang='lat' dir='ltr'><strong>et</strong></span> <span class='ocrx_word' id='word_1_175' title='bbox 592 2287 726 2358; x_wconf 76' lang='grc' dir='ltr'><strong><em>θλόστιι</em></strong></span> <span class='ocrx_word' id='word_1_176' title='bbox 749 2291 885 2377; x_wconf 80' lang='lat' dir='ltr'><strong>scripsit3</strong></span> <span class='ocrx_word' id='word_1_177' title='bbox 909 2294 1018 2363; x_wconf 89' lang='lat' dir='ltr'><strong>omissa</strong></span> <span class='ocrx_word' id='word_1_178' title='bbox 1040 2307 1111 2360; x_wconf 89' lang='lat' dir='ltr'><strong>sunt</strong></span> <span class='ocrx_word' id='word_1_179' title='bbox 1133 2298 1267 2383; x_wconf 86' lang='lat' dir='ltr'><strong>(practer</strong></span> 
     </span>
     <span class='ocr_line' id='line_1_22' title="bbox 162 2389 1264 2486; baseline 0.001 -20"><span class='ocrx_word' id='word_1_180' title='bbox 162 2399 281 2466; x_wconf 87' lang='lat' dir='ltr'><strong>laeticia</strong></span> <span class='ocrx_word' id='word_1_181' title='bbox 309 2392 443 2483; x_wconf 78' lang='grc' dir='ltr'><strong><em>βλίτυρι</em></strong></span> <span class='ocrx_word' id='word_1_182' title='bbox 469 2405 501 2457; x_wconf 86' lang='lat' dir='ltr'><strong>et</strong></span> <span class='ocrx_word' id='word_1_183' title='bbox 519 2392 726 2483; x_wconf 80' lang='grc' dir='ltr'><strong><em>μυσίκαρφι)</em></strong></span> <span class='ocrx_word' id='word_1_184' title='bbox 749 2389 861 2481; x_wconf 84' lang='grc' dir='ltr'><strong><em>όμμι,</em></strong></span> <span class='ocrx_word' id='word_1_185' title='bbox 892 2397 1035 2483; x_wconf 81' lang='grc' dir='ltr'><strong><em>κοόρμι,</em></strong></span> <span class='ocrx_word' id='word_1_186' title='bbox 1058 2400 1158 2486; x_wconf 81' lang='grc' dir='ltr'><strong><em>κῦφι,</em></strong></span> <span class='ocrx_word' id='word_1_187' title='bbox 1185 2399 1264 2477; x_wconf 82' lang='grc' dir='ltr'><strong>σι’λι,</strong></span> 
     </span>
     <span class='ocr_line' id='line_1_23' title="bbox 164 2496 1266 2591; baseline -0.001 -22"><span class='ocrx_word' id='word_1_188' title='bbox 164 2497 306 2591; x_wconf 85' lang='grc' dir='ltr'><strong><em>σόκχαρι</em></strong></span> <span class='ocrx_word' id='word_1_189' title='bbox 323 2496 445 2559; x_wconf 88' lang='lat' dir='ltr'><strong>Arrian.</strong></span> <span class='ocrx_word' id='word_1_190' title='bbox 468 2496 510 2568; x_wconf 88' lang='grc' dir='ltr'><strong>Μ.</strong></span> <span class='ocrx_word' id='word_1_191' title='bbox 534 2496 659 2582; x_wconf 87' lang='lat' dir='ltr'><strong>Erythr.</strong></span> <span class='ocrx_word' id='word_1_192' title='bbox 690 2518 720 2580; x_wconf 93' lang='lat' dir='ltr'><strong>p.</strong></span> <span class='ocrx_word' id='word_1_193' title='bbox 750 2496 822 2562; x_wconf 84' lang='lat'><strong>150.</strong></span> <span class='ocrx_word' id='word_1_194' title='bbox 847 2498 882 2561; x_wconf 92' lang='lat' dir='ltr'><strong>ed</strong></span> <span class='ocrx_word' id='word_1_195' title='bbox 905 2499 1007 2569; x_wconf 90' lang='lat' dir='ltr'><strong>Blanc.</strong></span> <span class='ocrx_word' id='word_1_196' title='bbox 1032 2501 1190 2591; x_wconf 78' lang='grc' dir='ltr'><strong><em>ζιφγίβερι</em></strong></span> <span class='ocrx_word' id='word_1_197' title='bbox 1215 2504 1266 2567; x_wconf 89' lang='lat' dir='ltr'><strong>vel</strong></span> 
     </span>
     <span class='ocr_line' id='line_1_24' title="bbox 162 2596 1267 2695; baseline 0.004 -30"><span class='ocrx_word' id='word_1_198' title='bbox 162 2600 326 2695; x_wconf 73' lang='grc' dir='ltr'><strong><em>φιφφίβερι</em></strong></span> <span class='ocrx_word' id='word_1_199' title='bbox 354 2598 445 2660; x_wconf 86' lang='lat' dir='ltr'><strong>Alex.</strong></span> <span class='ocrx_word' id='word_1_200' title='bbox 469 2596 563 2662; x_wconf 86' lang='lat' dir='ltr'><strong>Trall.</strong></span> <span class='ocrx_word' id='word_1_201' title='bbox 579 2598 645 2672; x_wconf 87' lang='lat' dir='ltr'><strong>Vll.</strong></span> <span class='ocrx_word' id='word_1_202' title='bbox 662 2598 695 2675; x_wconf 89' lang='lat'><strong>7,</strong></span> <span class='ocrx_word' id='word_1_203' title='bbox 719 2598 794 2663; x_wconf 88' lang='lat'><strong>338.</strong></span> <span class='ocrx_word' id='word_1_204' title='bbox 819 2604 960 2685; x_wconf 77' lang='lat' dir='ltr'><strong>cappari,</strong></span> <span class='ocrx_word' id='word_1_205' title='bbox 984 2606 1060 2685; x_wconf 91' lang='lat' dir='ltr'><strong>quod</strong></span> <span class='ocrx_word' id='word_1_206' title='bbox 1083 2606 1190 2669; x_wconf 87' lang='lat' dir='ltr'><strong>Graeci</strong></span> <span class='ocrx_word' id='word_1_207' title='bbox 1211 2606 1267 2669; x_wconf 84' lang='lat' dir='ltr'><strong>ali·</strong></span> 
     </span>
     <span class='ocr_line' id='line_1_25' title="bbox 163 2696 1268 2793; baseline 0.003 -22"><span class='ocrx_word' id='word_1_208' title='bbox 163 2720 213 2772; x_wconf 89' lang='lat' dir='ltr'><strong>ter</strong></span> <span class='ocrx_word' id='word_1_209' title='bbox 233 2701 382 2786; x_wconf 86' lang='lat' dir='ltr'><strong>appellant</strong></span> <span class='ocrx_word' id='word_1_210' title='bbox 403 2696 575 2785; x_wconf 71' lang='grc' dir='ltr'><strong><em>κάππαρις</em></strong></span> <span class='ocrx_word' id='word_1_211' title='bbox 596 2711 628 2764; x_wconf 91' lang='lat' dir='ltr'><strong>ut</strong></span> <span class='ocrx_word' id='word_1_212' title='bbox 650 2698 803 2789; x_wconf 73' lang='grc' dir='ltr'><strong><em>στέμιιιρ,</em></strong></span> <span class='ocrx_word' id='word_1_213' title='bbox 824 2700 986 2783; x_wconf 73' lang='lat' dir='ltr'><strong>ditiorum,</strong></span> <span class='ocrx_word' id='word_1_214' title='bbox 1009 2706 1157 2791; x_wconf 74' lang='lat' dir='ltr'><strong>mdnepm,</strong></span> <span class='ocrx_word' id='word_1_215' title='bbox 1179 2702 1268 2793; x_wconf 77' lang='grc' dir='ltr'><strong><em>κόμ-</em></strong></span> 
     </span>
     <span class='ocr_line' id='line_1_26' title="bbox 162 2800 1262 2897; baseline 0.006 -28"><span class='ocrx_word' id='word_1_216' title='bbox 162 2832 235 2897; x_wconf 79' lang='grc' dir='ltr'><strong><em>μις,</em></strong></span> <span class='ocrx_word' id='word_1_217' title='bbox 265 2800 460 2891; x_wconf 77' lang='grc' dir='ltr'><strong><em>ζιφγίβιρις,</em></strong></span> <span class='ocrx_word' id='word_1_218' title='bbox 482 2813 573 2885; x_wconf 75' lang='lat' dir='ltr'><strong>alque</strong></span> <span class='ocrx_word' id='word_1_219' title='bbox 594 2806 713 2887; x_wconf 88' lang='lat' dir='ltr'><strong>propria</strong></span> <span class='ocrx_word' id='word_1_220' title='bbox 736 2805 851 2893; x_wconf 83' lang='grc' dir='ltr'><strong><em>Κόφι,</em></strong></span> <span class='ocrx_word' id='word_1_221' title='bbox 879 2807 1000 2894; x_wconf 77' lang='grc' dir='ltr'><strong><em>Μῶφι</em></strong></span> <span class='ocrx_word' id='word_1_222' title='bbox 1010 2808 1119 2872; x_wconf 87' lang='lat' dir='ltr'><strong>Herod.</strong></span> <span class='ocrx_word' id='word_1_223' title='bbox 1146 2809 1183 2873; x_wconf 95' lang='grc'><strong>11.</strong></span> <span class='ocrx_word' id='word_1_224' title='bbox 1207 2808 1262 2876; x_wconf 91' lang='grc'><strong>28.</strong></span> 
     </span>
    </p>

    <p class='ocr_par' dir='ltr' id='par_1_7' title="bbox 162 2903 1265 3096">
     <span class='ocr_line' id='line_1_27' title="bbox 162 2903 1265 2998; baseline -0.003 -20"><span class='ocrx_word' id='word_1_225' title='bbox 162 2907 277 2998; x_wconf 71' lang='lat' dir='ltr'><strong>Amyci</strong></span> <span class='ocrx_word' id='word_1_226' title='bbox 298 2906 384 2969; x_wconf 83' lang='lat' dir='ltr'><strong>Diod.</strong></span> <span class='ocrx_word' id='word_1_227' title='bbox 407 2903 555 2967; x_wconf 88' lang='lat' dir='ltr'><strong>XXXlll.</strong></span> <span class='ocrx_word' id='word_1_228' title='bbox 584 2926 612 2988; x_wconf 92' lang='lat' dir='ltr'><strong>p.</strong></span> <span class='ocrx_word' id='word_1_229' title='bbox 637 2903 690 2970; x_wconf 92' lang='grc'><strong>89.</strong></span> <span class='ocrx_word' id='word_1_230' title='bbox 715 2908 751 2971; x_wconf 85' lang='lat' dir='ltr'><strong>T.</strong></span> <span class='ocrx_word' id='word_1_231' title='bbox 775 2910 817 2973; x_wconf 88' lang='lat' dir='ltr'><strong>X.</strong></span> <span class='ocrx_word' id='word_1_232' title='bbox 840 2904 960 2996; x_wconf 74' lang='grc' dir='ltr'><strong><em>Ἐπιφὶ</em></strong></span> <span class='ocrx_word' id='word_1_233' title='bbox 979 2920 1040 2973; x_wconf 91' lang='lat' dir='ltr'><strong>etc.</strong></span> <span class='ocrx_word' id='word_1_234' title='bbox 1068 2932 1142 2994; x_wconf 81' lang='lat' dir='ltr'><strong>quae</strong></span> <span class='ocrx_word' id='word_1_235' title='bbox 1165 2913 1265 2975; x_wconf 87' lang='lat' dir='ltr'><strong>omnia</strong></span> 
     </span>
     <span class='ocr_line' id='line_1_28' title="bbox 163 3006 1265 3096; baseline 0 -19"><span class='ocrx_word' id='word_1_236' title='bbox 163 3035 183 3077; x_wconf 87' lang='lat' dir='ltr'><strong>a</strong></span> <span class='ocrx_word' id='word_1_237' title='bbox 209 3010 312 3075; x_wconf 81' lang='lat' dir='ltr'><strong>nativo</strong></span> <span class='ocrx_word' id='word_1_238' title='bbox 337 3006 416 3094; x_wconf 88' lang='grc' dir='ltr'><strong><em>μέλι</em></strong></span> <span class='ocrx_word' id='word_1_239' title='bbox 445 3006 585 3071; x_wconf 87' lang='lat' dir='ltr'><strong>differunt</strong></span> <span class='ocrx_word' id='word_1_240' title='bbox 612 3029 679 3072; x_wconf 90' lang='lat' dir='ltr'><strong>uon</strong></span> <span class='ocrx_word' id='word_1_241' title='bbox 703 3010 800 3075; x_wconf 90' lang='lat' dir='ltr'><strong>solum</strong></span> <span class='ocrx_word' id='word_1_242' title='bbox 828 3012 903 3093; x_wconf 90' lang='lat' dir='ltr'><strong>quod</strong></span> <span class='ocrx_word' id='word_1_243' title='bbox 920 3014 1185 3096; x_wconf 86' lang='lat' dir='ltr'><strong>acompusitione</strong></span> <span class='ocrx_word' id='word_1_244' title='bbox 1213 3015 1265 3077; x_wconf 90' lang='lat' dir='ltr'><strong>ah-</strong></span> 
     </span>
    </p>

    <p class='ocr_par' dir='ltr' id='par_1_8' title="bbox 164 3110 1265 3193">
     <span class='ocr_line' id='line_1_29' title="bbox 164 3110 1265 3193; baseline 0.001 -15"><span class='ocrx_word' id='word_1_245' title='bbox 164 3115 300 3187; x_wconf 89' lang='lat' dir='ltr'><strong>horrent,</strong></span> <span class='ocrx_word' id='word_1_246' title='bbox 314 3112 367 3175; x_wconf 90' lang='lat' dir='ltr'><strong>scd</strong></span> <span class='ocrx_word' id='word_1_247' title='bbox 381 3110 471 3174; x_wconf 89' lang='lat' dir='ltr'><strong>etiam</strong></span> <span class='ocrx_word' id='word_1_248' title='bbox 485 3130 521 3172; x_wconf 93' lang='lat' dir='ltr'><strong>eo</strong></span> <span class='ocrx_word' id='word_1_249' title='bbox 543 3111 619 3193; x_wconf 87' lang='lat' dir='ltr'><strong>quod</strong></span> <span class='ocrx_word' id='word_1_250' title='bbox 640 3123 693 3175; x_wconf 87' lang='lat' dir='ltr'><strong>aut</strong></span> <span class='ocrx_word' id='word_1_251' title='bbox 714 3112 932 3176; x_wconf 82' lang='lat' dir='ltr'><strong>indeclinabilia</strong></span> <span class='ocrx_word' id='word_1_252' title='bbox 955 3124 1026 3176; x_wconf 93' lang='lat' dir='ltr'><strong>sunt</strong></span> <span class='ocrx_word' id='word_1_253' title='bbox 1047 3127 1097 3177; x_wconf 85' lang='lat' dir='ltr'><strong>aut</strong></span> <span class='ocrx_word' id='word_1_254' title='bbox 1110 3116 1200 3179; x_wconf 89' lang='lat' dir='ltr'><strong>aliter</strong></span> <span class='ocrx_word' id='word_1_255' title='bbox 1214 3116 1265 3179; x_wconf 93' lang='lat' dir='ltr'><strong>de</strong></span> 
     </span>
    </p>

    <p class='ocr_par' dir='ltr' id='par_1_9' title="bbox 164 3212 1291 3309">
     <span class='ocr_line' id='line_1_30' title="bbox 164 3212 1291 3309; baseline 0.002 -30"><span class='ocrx_word' id='word_1_256' title='bbox 164 3216 285 3279; x_wconf 84' lang='lat' dir='ltr'><strong>cliuata.</strong></span> <span class='ocrx_word' id='word_1_257' title='bbox 330 3214 375 3278; x_wconf 89' lang='lat' dir='ltr'><strong>De</strong></span> <span class='ocrx_word' id='word_1_258' title='bbox 396 3222 522 3289; x_wconf 86' lang='lat' dir='ltr'><strong>accentu</strong></span> <span class='ocrx_word' id='word_1_259' title='bbox 543 3212 618 3287; x_wconf 88' lang='lat' dir='ltr'><strong>nihil</strong></span> <span class='ocrx_word' id='word_1_260' title='bbox 639 3213 715 3288; x_wconf 87' lang='lat' dir='ltr'><strong>certi</strong></span> <span class='ocrx_word' id='word_1_261' title='bbox 737 3212 898 3295; x_wconf 83' lang='lat' dir='ltr'><strong>habemus,</strong></span> <span class='ocrx_word' id='word_1_262' title='bbox 929 3216 982 3287; x_wconf 87' lang='lat' dir='ltr'><strong>sed</strong></span> <span class='ocrx_word' id='word_1_263' title='bbox 1003 3217 1156 3309; x_wconf 87' lang='lat' dir='ltr'><strong>praevalet</strong></span> <span class='ocrx_word' id='word_1_264' title='bbox 1176 3219 1267 3305; x_wconf 79' lang='lat' dir='ltr'><strong>hary-</strong></span> <span class='ocrx_word' id='word_1_265' title='bbox 1288 3282 1291 3288; x_wconf 77' lang='grc'><strong><em>,</em></strong></span> 
     </span>
    </p>
   </div>
   <div class='ocr_carea' id='block_1_7' title="bbox 165 3316 291 3391">
    <p class='ocr_par' dir='ltr' id='par_1_10' title="bbox 165 3316 291 3391">
     <span class='ocr_line' id='line_1_31' title="bbox 165 3316 291 3391; baseline 0.056 -10"><span class='ocrx_word' id='word_1_266' title='bbox 165 3316 291 3391; x_wconf 59' lang='grc' dir='ltr'><strong>ιαιιιείδι</strong></span> 
     </span>
    </p>
   </div>
   <div class='ocr_carea' id='block_1_8' title="bbox 666 3506 755 3590">
    <p class='ocr_par' dir='ltr' id='par_1_11' title="bbox 666 3506 755 3590">
     <span class='ocr_line' id='line_1_32' title="bbox 666 3506 755 3590; baseline -0.011 -19"><span class='ocrx_word' id='word_1_267' title='bbox 666 3506 695 3590; x_wconf 76' lang='lat'><strong>§-</strong></span> <span class='ocrx_word' id='word_1_268' title='bbox 722 3507 755 3571; x_wconf 88' lang='lat'><strong>4.</strong></span> 
     </span>
    </p>
   </div>
   <div class='ocr_carea' id='block_1_9' title="bbox 166 3610 1267 3917">
    <p class='ocr_par' dir='ltr' id='par_1_12' title="bbox 166 3610 1267 3917">
     <span class='ocr_line' id='line_1_33' title="bbox 231 3610 1267 3710; baseline 0 -21"><span class='ocrx_word' id='word_1_269' title='bbox 231 3626 313 3707; x_wconf 82' lang='lat' dir='ltr'><strong>Quod</strong></span> <span class='ocrx_word' id='word_1_270' title='bbox 326 3625 362 3689; x_wconf 95' lang='lat' dir='ltr'><strong>de</strong></span> <span class='ocrx_word' id='word_1_271' title='bbox 371 3625 581 3710; x_wconf 81' lang='lat' dir='ltr'><strong>compositione</strong></span> <span class='ocrx_word' id='word_1_272' title='bbox 596 3624 672 3700; x_wconf 85' lang='lat' dir='ltr'><strong>dixi,</strong></span> <span class='ocrx_word' id='word_1_273' title='bbox 687 3626 764 3690; x_wconf 89' lang='lat' dir='ltr'><strong>idem</strong></span> <span class='ocrx_word' id='word_1_274' title='bbox 776 3626 857 3691; x_wconf 87' lang='lat' dir='ltr'><strong>valet</strong></span> <span class='ocrx_word' id='word_1_275' title='bbox 872 3629 908 3691; x_wconf 93' lang='lat' dir='ltr'><strong>de</strong></span> <span class='ocrx_word' id='word_1_276' title='bbox 922 3626 1089 3691; x_wconf 87' lang='lat' dir='ltr'><strong>nominihus</strong></span> <span class='ocrx_word' id='word_1_277' title='bbox 1102 3626 1134 3690; x_wconf 90' lang='lat' dir='ltr'><strong>in</strong></span> <span class='ocrx_word' id='word_1_278' title='bbox 1148 3610 1200 3694; x_wconf 66' lang='grc' dir='ltr'><strong>όν</strong></span> <span class='ocrx_word' id='word_1_279' title='bbox 1206 3637 1267 3690; x_wconf 88' lang='lat' dir='ltr'><strong>ter·</strong></span> 
     </span>
     <span class='ocr_line' id='line_1_34' title="bbox 166 3720 1267 3815; baseline 0.003 -23"><span class='ocrx_word' id='word_1_280' title='bbox 166 3729 297 3807; x_wconf 89' lang='lat' dir='ltr'><strong>minatis,</strong></span> <span class='ocrx_word' id='word_1_281' title='bbox 321 3747 395 3809; x_wconf 87' lang='lat' dir='ltr'><strong>quae</strong></span> <span class='ocrx_word' id='word_1_282' title='bbox 417 3748 511 3810; x_wconf 86' lang='lat' dir='ltr'><strong>pauca</strong></span> <span class='ocrx_word' id='word_1_283' title='bbox 531 3739 620 3803; x_wconf 90' lang='lat' dir='ltr'><strong>suut,</strong></span> <span class='ocrx_word' id='word_1_284' title='bbox 648 3723 793 3815; x_wconf 82' lang='grc' dir='ltr'><strong><em>Φόρκυν,</em></strong></span> <span class='ocrx_word' id='word_1_285' title='bbox 814 3722 965 3804; x_wconf 86' lang='grc' dir='ltr'><strong><em>Πόλτνν,</em></strong></span> <span class='ocrx_word' id='word_1_286' title='bbox 987 3721 1131 3815; x_wconf 89' lang='grc' dir='ltr'><strong><em>Γόρτνν,</em></strong></span> <span class='ocrx_word' id='word_1_287' title='bbox 1152 3720 1267 3815; x_wconf 86' lang='grc' dir='ltr'><strong><em>μόσιιν</em></strong></span> 
     </span>
     <span class='ocr_line' id='line_1_35' title="bbox 166 3829 1265 3917; baseline 0.002 -24"><span class='ocrx_word' id='word_1_288' title='bbox 166 3841 198 3893; x_wconf 85' lang='lat' dir='ltr'><strong>et</strong></span> <span class='ocrx_word' id='word_1_289' title='bbox 218 3829 407 3910; x_wconf 70' lang='lat' dir='ltr'><strong>ciuccv¹⁵),</strong></span> <span class='ocrx_word' id='word_1_290' title='bbox 426 3831 505 3912; x_wconf 86' lang='lat' dir='ltr'><strong>quod</strong></span> <span class='ocrx_word' id='word_1_291' title='bbox 525 3830 671 3895; x_wconf 88' lang='lat' dir='ltr'><strong>aeolicum</strong></span> <span class='ocrx_word' id='word_1_292' title='bbox 693 3844 802 3897; x_wconf 85' lang='lat' dir='ltr'><strong>vocant</strong></span> <span class='ocrx_word' id='word_1_293' title='bbox 814 3834 921 3897; x_wconf 91' lang='lat' dir='ltr'><strong>Arcad.</strong></span> <span class='ocrx_word' id='word_1_294' title='bbox 938 3854 967 3917; x_wconf 92' lang='lat' dir='ltr'><strong>p.</strong></span> <span class='ocrx_word' id='word_1_295' title='bbox 979 3830 1030 3895; x_wconf 93' lang='grc'><strong>10.</strong></span> <span class='ocrx_word' id='word_1_296' title='bbox 1045 3842 1076 3895; x_wconf 90' lang='lat' dir='ltr'><strong>et</strong></span> <span class='ocrx_word' id='word_1_297' title='bbox 1088 3829 1265 3896; x_wconf 81' lang='lat' dir='ltr'><strong>93.Anecd.</strong></span> 
     </span>
    </p>
   </div>
   <div class='ocr_carea' id='block_1_10' title="bbox 165 3984 373 3996">
    <p class='ocr_par' dir='ltr' id='par_1_13' title="bbox 165 3984 373 3996">
     <span class='ocr_line' id='line_1_36' title="bbox 165 3984 373 3996; baseline -0.014 0"><span class='ocrx_word' id='word_1_298' title='bbox 165 3984 373 3996; x_wconf 76' lang='lat'><strong>....-—--</strong></span> 
     </span>
    </p>
   </div>
   <div class='ocr_carea' id='block_1_11' title="bbox 235 4030 1268 4133">
    <p class='ocr_par' dir='ltr' id='par_1_14' title="bbox 235 4030 1268 4133">
     <span class='ocr_line' id='line_1_37' title="bbox 235 4030 1268 4133; baseline 0 -12"><span class='ocrx_word' id='word_1_299' title='bbox 235 4066 279 4132; x_wconf 82' lang='grc'><strong>15)</strong></span> <span class='ocrx_word' id='word_1_300' title='bbox 297 4065 368 4133; x_wconf 79' lang='lat' dir='ltr'><strong>Quae</strong></span> <span class='ocrx_word' id='word_1_301' title='bbox 386 4030 563 4131; x_wconf 75' lang='lat' dir='ltr'><strong>Theognosths</strong></span> <span class='ocrx_word' id='word_1_302' title='bbox 580 4067 657 4118; x_wconf 79' lang='lat' dir='ltr'><strong>effert</strong></span> <span class='ocrx_word' id='word_1_303' title='bbox 673 4068 770 4119; x_wconf 85' lang='lat' dir='ltr'><strong>Anecd.</strong></span> <span class='ocrx_word' id='word_1_304' title='bbox 790 4070 874 4123; x_wconf 77' lang='lat' dir='ltr'><strong>Crem.</strong></span> <span class='ocrx_word' id='word_1_305' title='bbox 895 4070 926 4122; x_wconf 91' lang='lat' dir='ltr'><strong>ll.</strong></span> <span class='ocrx_word' id='word_1_306' title='bbox 951 4068 994 4125; x_wconf 76' lang='lat'><strong>27.</strong></span> <span class='ocrx_word' id='word_1_307' title='bbox 1013 4060 1104 4124; x_wconf 84' lang='grc' dir='ltr'><strong><em>Κόλιν</em></strong></span> <span class='ocrx_word' id='word_1_308' title='bbox 1125 4074 1152 4119; x_wconf 88' lang='lat' dir='ltr'><strong>ct</strong></span> <span class='ocrx_word' id='word_1_309' title='bbox 1167 4064 1268 4121; x_wconf 78' lang='grc' dir='ltr'><strong><em>Κότυν</em></strong></span> 
     </span>
    </p>
   </div>
   <div class='ocr_carea' id='block_1_12' title="bbox 35 4113 1230 4236">
    <p class='ocr_par' dir='ltr' id='par_1_15' title="bbox 35 4113 1230 4236">
     <span class='ocr_line' id='line_1_38' title="bbox 35 4113 1230 4236; baseline 0.013 -34"><span class='ocrx_word' id='word_1_310' title='bbox 35 4113 41 4123; x_wconf 26' lang='grc' dir='ltr'>ι</span> <span class='ocrx_word' id='word_1_311' title='bbox 97 4228 102 4236; x_wconf 28' lang='grc' dir='ltr'>ι</span> <span class='ocrx_word' id='word_1_312' title='bbox 167 4159 253 4218; x_wconf 78' lang='lat' dir='ltr'><strong>gruta,</strong></span> <span class='ocrx_word' id='word_1_313' title='bbox 272 4150 368 4209; x_wconf 70' lang='grc' dir='ltr'><strong><em>Κόττας</em></strong></span> <span class='ocrx_word' id='word_1_314' title='bbox 386 4160 414 4205; x_wconf 85' lang='lat' dir='ltr'><strong>et</strong></span> <span class='ocrx_word' id='word_1_315' title='bbox 434 4144 526 4210; x_wconf 70' lang='grc' dir='ltr'><strong>Κότιιι</strong></span> <span class='ocrx_word' id='word_1_316' title='bbox 540 4155 674 4207; x_wconf 83' lang='lat' dir='ltr'><strong>notissima</strong></span> <span class='ocrx_word' id='word_1_317' title='bbox 691 4164 769 4218; x_wconf 79' lang='lat' dir='ltr'><strong>sunt3</strong></span> <span class='ocrx_word' id='word_1_318' title='bbox 787 4152 949 4228; x_wconf 68' lang='lat' dir='ltr'><strong>Eripiamus</strong></span> <span class='ocrx_word' id='word_1_319' title='bbox 968 4154 1085 4223; x_wconf 67' lang='lat' dir='ltr'><strong>Apollffll·</strong></span> <span class='ocrx_word' id='word_1_320' title='bbox 1106 4152 1137 4217; x_wconf 77' lang='lat' dir='ltr'><strong>lh</strong></span> <span class='ocrx_word' id='word_1_321' title='bbox 1160 4152 1185 4215; x_wconf 66' lang='grc'><strong>7,</strong></span> <span class='ocrx_word' id='word_1_322' title='bbox 1204 4154 1230 4207; x_wconf 73' lang='lat'><strong>⁸·</strong></span> 
     </span>
    </p>
   </div>
   <div class='ocr_carea' id='block_1_13' title="bbox 0 0 1412 4725">
    <p class='ocr_par' dir='ltr' id='par_1_16' title="bbox 0 0 1412 4725">
     <span class='ocr_line' id='line_1_39' title="bbox 0 0 1412 4725; baseline 0 0"><span class='ocrx_word' id='word_1_323' title='bbox 0 0 1412 4725; x_wconf 95' lang='lat' dir='ltr'><strong> </strong></span> 
     </span>
    </p>
   </div>
  </div>
 </body>
</html>
