2792 4725
83 256 86 270 ¹
212 301 1062 391 ‘nnantncrmuuontucvsa
1170 305 1237 371 ιττ

46 482 50 487 ’
127 489 303 557 nominatim
326 498 415 554 cavet
436 485 604 574 Stephanus
623 482 675 574 μή
697 508 748 561 τις
781 482 819 551 τὸ
835 479 967 576 {depes
987 486 1044 556 καί
1066 513 1106 557 τσ
1098 478 1236 581 ’Ἁτραξ

127 586 300 663 ebreos
329 589 477 680 οἰηθείη,
527 591 586 655 Ριο
613 580 852 678 βλεφαρσπιίξ,
883 590 959 674 quod
987 601 1019 657 et
1045 594 1120 678 apud
1141 596 1236 665 llero-

126 695 291 763 dianuml.
315 718 344 760 c.
372 705 476 772 extat,
501 693 578 759 baud
606 693 726 779 reperio
748 691 818 777 quid
845 712 985 777 reponam
1016 707 1137 779 praeter
1155 702 1237 789 plis

128 794 308 922 pepoosrolt
336 797 510 884 significans
534 792 596 864 τόν
619 791 969 884 ὀφραανασπασίδην,
997 797 1050 863 vel
1070 800 1236 893 βλεφαρο-

127 896 220 981 στιίξ,
244 902 361 977 idest,
383 900 434 986 qui
456 899 556 985 ptilosi
577 900 711 1007 laborat,
743 898 878 983 pilosque
906 898 1110 984 palpebrarum
1137 904 1236 975 fluxos

74 1052 78 1062 -
131 1005 232 1071 habet.
277 994 517 1093 Κιτροβαστοίξ
500 1005 582 1078 §et
607 974 848 1089 λίτραβοίσταξ,
874 1001 950 1086 quod
979 1001 1018 1067 ls.
1043 1002 1168 1073 Vossius
1198 1014 1236 1077 ad

127 1108 259 1195 Hespcb.
290 1130 317 1172 s.
340 1099 480 1181 Boloccc
501 1126 544 1169 ex
570 1104 741 1169 Herodiano
767 1103 866 1184 affert,
894 1102 1022 1190 intelligi
1044 1110 1159 1192 nequit,
1183 1114 1237 1180 scd

127 1202 358 1299 φιτροβοίσταξ
379 1210 509 1275 fortasse
530 1206 702 1271 nominatus
724 1205 842 1292 bajulus
871 1204 1035 1290 lignorum,
1059 1229 1119 1275 uno
1140 1216 1234 1280 verbo

125 1306 353 1400 ιιορμοφόρσς.
406 1309 540 1393 Simplex
565 1299 697 1396 βοίσταξ
727 1328 768 1371 ex
797 1305 960 1392 Theophilo
990 1309 1125 1398 Protosp.
1149 1316 1237 1383 allent

129 1415 331 1481 Schneidcrus
360 1414 500 1500 adjuncta
529 1410 672 1497 Hesycbii
701 1410 801 1495 glossa
822 1401 1004 1486 Bolcceuec
1029 1412 1110 1489 τσιίς
1133 1418 1237 1487 πλου-

129 1515 226 1592 olous
250 1516 308 1585 ιιαί
331 1511 495 1605 εὐγενεῖς,
516 1513 570 1577 sed
591 1510 672 1577 illins
692 1509 857 1577 auotoritas
879 1512 1010 1591 minima,
1033 1514 1169 1603 hujus
1143 1523 1237 1605 signi

126 1620 228 1686 litatio
254 1630 286 1706 et
307 1617 467 1683 declinatio
494 1601 597 1701 perae
619 1615 752 1680 averbo
777 1607 955 1702 βαστάζω,
984 1614 1160 1709 βασταγή,
1182 1624 1237 1689 ba

128 1733 227 1807 stega,
249 1695 402 1797 abhorret,
426 1739 522 1834 nepus
546 1717 697 1781 Arcadius
728 1713 958 1806 νεκροβαστοίξ
979 1723 1122 1807 oxytonis
1143 1727 1237 1794 adun·
1281 1744 1285 1760 ·

126 1845 246 1891 merare
268 1823 426 1909 potuisset,
447 1820 475 1884 si
496 1820 625 1904 simplex
652 1813 783 1906 βάσταξ
804 1820 948 1885 luisset
938 1841 970 1884 ιιι
1003 1844 1078 1904 usu3
1109 1825 1138 1890 id
1160 1831 1238 1997 puod

127 1938 220 2055 nepot
248 1925 475 1990 Cbocrobosous
495 1922 610 1986 Aneed
634 1942 665 2005 p.
690 1920 787 1987 1199.
817 1920 862 1990 τα
886 1926 933 1997 sle
960 1926 1000 1999 αξ
1026 1922 1171 1994 απλᾶ“
1134 1932 1236 2047 ”culp

125 2028 215 2117 μίαν
237 2024 411 2115 σολλαβην
432 2022 488 2092 διαί
514 2023 610 2089 τοῦτ
586 2008 793 2102 κλίνεται,
818 2023 1100 2113 σεσημείωται
1061 2052 1099 2095 το
1124 2025 1237 2120 ἅρπαξ

126 2168 172 2182 -
192 2156 234 2199 τα
227 2128 292 2198 dl
314 2122 469 2197 σύνθετοι
492 2121 547 2193 decl
567 2123 630 2191 coti
656 2149 690 2213 y,
714 2122 928 2216 α’πόσφαγσι,
951 2126 1234 2258 ueupople'ocoypr.

129 2228 292 2303 Σύνθετοι
316 2231 353 2299 δὲ
375 2229 426 2297 dei
446 2241 541 2296 νοεῖν
563 2223 639 2318 οὐχί
656 2253 700 2295 τα
693 2223 793 2296 claud
813 2229 883 2296 τῶν
897 2232 945 2305 εἰς
965 2234 1005 2307 αξ
1021 2228 1195 2303 οἶπλῶν’
1153 2260 1237 2306 σον-

125 2344 217 2407 θετα
246 2330 331 2403 oilla*
358 2330 402 2402 τοί
430 2327 482 2401 circ
481 2324 628 2400 ’ἄλλον
654 2330 760 2400 τινών
792 2332 1014 2402 συντιθέντα·
1037 2339 1150 2407 ἐκεῖνα
1171 2338 1238 2460 peip

125 2436 192 2528 τήν
210 2439 280 2507 τῶν
301 2434 422 2506 doleis·
437 2430 646 2524 φολοίττοασι
667 2433 790 2512 κλίσιν,
809 2459 872 2503 coo
858 2432 1152 2527 χαρταφύλαιισς,
1174 2444 1238 2512 τοῦ
1271 2491 1274 2501 .

125 2538 376 2627 λινσθοίροτσς,
407 2538 469 2606 τοῦ
502 2534 748 2626 φιλοφαίαιισς,
778 2536 841 2606 τοῦ
860 2533 1092 2666 φιλοίαπαγσι.
1137 2545 1238 2612 Verba

127 2645 182 2711 illa
202 2670 243 2712 τα
266 2641 317 2712 ἀπ
316 2637 455 2710 ’ἄλλον
473 2641 578 2708 τινῶν
598 2640 769 2726 significant
788 2639 832 2708 τοί
846 2636 906 2710 ἀπ’
922 2637 1093 2734 α’ρρήταν,
1116 2658 1151 2713 ut
1167 2659 1238 2714 sunt

122 2742 288 2834 ,οἷποσφοίξ
307 2757 339 2811 ct
357 2735 608 2832 νικρσβαστιίξ,
642 2763 717 2827 quac
740 2743 978 2824 Cboerobosous,
1008 2748 1035 2812 si
1062 2770 1234 2816 communes

130 2851 252 2935 regulas
274 2858 419 2934 sequutus
441 2856 508 2925 est,
542 2857 624 2910 certe
652 2846 720 2910 aeni
749 2846 864 2924 voluit,
896 2850 954 2914 etsi
975 2850 1113 2916 dissentit
1134 2851 1237 2919 Goett·

128 2951 240 3035 lingius
262 2950 298 3015 de
319 2952 445 3014 Acuent.
474 2971 504 3034 p.
528 2946 605 3014 329.
629 2968 726 3032 neque
747 2950 870 3035 regulae
902 2953 1042 3037 congruit
1063 2952 1237 3041 μσαιιηρό·

106 3056 212 3142 ·βαξ,
242 3052 319 3138 quod
344 3050 476 3118 llaulsius
509 3051 546 3116 de
570 3050 648 3116 Lex.
679 3051 823 3139 Hesycbii
851 3073 881 3138 p.
905 3052 960 3118 74.
993 3052 1061 3118 buic
1089 3057 1238 3140 sagaciter

128 3155 275 3222 restitnit.
321 3154 378 3219 Sed
399 3150 532 3243 ιιερσίαξ
558 3163 593 3218 ut
612 3149 745 3243 Ἐχοίαξ
770 3153 859 3219 Paus.
882 3155 927 3220 X.
950 3155 1004 3234 25,
1026 3153 1060 3220 2.
1089 3159 1235 3245 composi·
1293 3193 1295 3200 ·

128 3269 192 3324 tum
217 3268 265 3322 cst
285 3277 303 3322 a
325 3255 446 3320 nomine
468 3255 583 3323 verbali
612 3258 698 3332 οἴαξ.
741 3254 840 3340 Atque
869 3255 958 3343 hujus
988 3257 1110 3344 generis
1133 3281 1238 3325 exem-

128 3361 179 3449 pla
207 3360 323 3424 abunde
354 3358 518 3436 babemus;
551 3358 677 3444 primum
703 3378 722 3421 a
751 3358 965 3445 monosyllabis
991 3355 1178 3452 μικρόρῤαξ
1207 3374 1239 3428 et

130 3457 335 3549 Σαμόθρᾳξ.
359 3461 435 3547 quod
446 3460 627 3547 berytonum
644 3470 704 3537 est,
720 3459 846 3525 Luciam.
860 3461 915 3524 dea
930 3461 1000 3548 Syr.
1016 3462 1045 3548 ἕ.
1057 3461 1110 3527 15.
1122 3463 1235 3531 Athen.

68 3632 75 3641 .
128 3565 214 3630 xtv.
236 3563 313 3629 660.
345 3562 384 3626 tt.
420 3562 580 3649 multisque
608 3563 676 3628 aliis
704 3561 779 3628 locis
801 3582 833 3627 v.
857 3561 1001 3647 Aglaopb.
1031 3586 1062 3650 p.
1087 3563 1183 3634 1257.
1207 3579 1239 3634 et

128 3664 225 3733 1285.
237 3677 272 3734 ut
283 3664 477 3730 Grammatici
493 3668 603 3753 jubent
618 3661 879 3751 Anecd.p.1llll.
903 3655 960 3730 nec
981 3687 1051 3730 raro
1067 3680 1237 3756 oxytonum

126 3769 253 3835 Aristid.
276 3767 367 3832 Xlll:
385 3764 460 3832 189.
491 3767 528 3831 Τ.
552 3766 576 3831 l.
607 3789 640 3832 v.
662 3765 809 3850 Aglaopb.
843 3765 937 3833 1218.
965 3768 1135 3855 Goettling.
1159 3770 1181 3834 l.
1207 3794 1235 3836 e.

126 3869 203 3939 280.
227 3879 262 3935 ut
282 3882 315 3934 et
335 3864 570 3958 ὄμφαιισροῖγες
588 3868 714 3934 Antbol.
738 3867 802 3934 Pal.
823 3866 879 3933 lX.
903 3868 978 3934 561.
1003 3861 1239 3957 discrepantibus

125 3972 225 4039 libris.
269 3972 346 4036 Tum
378 3973 415 4037 ab
443 3971 512 4037 aliis
538 3967 754 4053 καλλιδόναξ,
784 3973 993 4062 propudiosi,
1017 3973 1239 4066 Λειχοπίναξς

125 4073 406 4168 μιτεαροφίναέι
428 4066 649 4165 παιδαιιόραξ,
672 4069 911 4166 caletenses,
933 4075 1161 4158 coluncellae,
1186 4101 1239 4166 φι·
