2792 4725
148 294 197 369 41
454 352 478 379 .,
518 292 836 364 mssnnt'st'tc
863 294 889 363 1.
929 347 934 361 .
1004 300 1024 363 ζ

150 485 331 545 atusunmr
351 474 429 541 idem
451 496 478 541 s.
503 474 680 563 Σωυήοόλ
699 474 875 543 maiouim
896 497 924 542 s.
947 474 980 541 t.
1002 491 1036 543 v.
1058 476 1257 564 similiterque

151 580 288 647 nonnulli
315 572 463 665 τράπεζα
490 590 676 645 contractum
703 588 820 664 putant.
863 579 1008 665 Didymus
1033 601 1083 665 ap.
1107 581 1258 652 Priscian.

150 683 187 747 dc
210 682 303 747 Pond.
329 704 359 767 p.
382 680 458 747 396.
485 681 584 747 T.11·.
613 684 662 746 ed.
685 682 788 746 llaehl.
813 678 1027 768 ἤμὲὃιμνον,
1058 683 1172 767 inquit,
1201 682 1259 751 ls'-

149 806 271 875 νουσιν
292 790 326 852 ul
345 780 490 853 Ἀττικοὶ
512 779 590 853 sset
609 785 675 851 τοῦ
695 782 948 872 ἡμιμέδιμνον,
976 794 1014 849 ut
1031 784 1145 850 Lunai
1161 808 1260 851 οοοιο·

153 886 242 962 dius,
268 888 400 965 selibra,
432 898 520 972 atque
545 887 732 955 Herodianus
752 887 869 962 Aneed.
893 886 995 952 Cram.
1018 886 1058 951 11.
1080 885 1141 963 83,
1164 886 1198 953 8.
1227 897 1261 953 ct

152 988 283 1089 1.-344,
306 989 359 1057 23.
387 988 430 1057 ud
456 989 578 1057 ἑανοῦ
598 985 726 1076 ἥμισυς
752 988 957 1080 συγκείμενα
982 982 1171 1077 ἀποβάλλει
1195 987 1262 1078 τήν

152 1116 197 1159 ου
219 1084 411 1181 συλλαβήν·
444 1088 583 1179 εὕρηται
603 1090 639 1159 dl
660 1089 753 1178 stupui
775 1104 849 1169 τοῖς
868 1094 1027 1166 παλαιοῖς
1046 1087 1122 1179 μετ’
1142 1090 1263 1179 αὐτῆς,

11 1284 13 1292 .
151 1190 373 1286 dperdporpoe
393 1196 479 1281 (1011·
501 1185 739 1285 ἤμιούχορος),
758 1192 982 1286 ἦμνουχοῖνιξ.
1015 1196 1073 1260 Sed
1095 1194 1168 1259 hacc
1190 1217 1264 1259 con·

154 1298 236 1383 tegio
258 1298 352 1382 serpit
372 1297 504 1383 lougius.
542 1298 649 1363 Galen.
669 1298 785 1363 Comm.
805 1299 830 1363 l.
853 1299 886 1363 in
901 1299 939 1361 L.
963 1299 1000 1363 dc
1016 1298 1085 1361 Art.
1104 1296 1160 1373 27,
1183 1295 1260 1363 359.

153 1400 191 1465 Τ.
214 1399 326 1463 XVlll.
352 1400 385 1463 P.
409 1399 433 1463 l.
463 1394 607 1491 μώνυχοὶ
629 1405 700 1467 ἐστι
719 1399 762 1469 ου’
785 1394 997 1488 οἰμφολδονυα
1021 1400 1264 1490 συνῃρημένου

154 1502 218 1569 τοῦ
241 1494 431 1588 ὀνόματος,
451 1499 495 1578 ὥς
517 1526 623 1590 φασιν
644 1509 677 1571 οἱ
698 1501 761 1579 τοὶς
782 1502 1006 1592 ἐτυμολογίας
1025 1502 1203 1589 τιμῶντος,
1226 1507 1265 1569 ἐν

155 1606 218 1673 τοῦ
239 1596 435 1695 μονοὶνυχοι.
476 1607 522 1670 At
544 1604 646 1671 codem
670 1606 855 1692 negligentia
875 1608 1011 1691 prolecta
1030 1605 1150 1669 videtur
1170 1605 1267 1692 sylla·

155 1709 259 1775 barum
287 1707 450 1773 mediarum
478 1708 717 1793 praetermissio,
747 1701 931 1796 Ἀρυυηνός
957 1728 1010 1793 pro
1033 1699 1266 1795 Ἀρσυοιηνός,

154 1812 234 1896 quod
256 1808 423 1894 Stephanus
445 1811 544 1889 allent,
567 1807 770 1897 ὀπισθὲναρ,
792 1803 980 1898 α’μφοροολς,
1000 1802 1174 1897 optorto,
1194 1838 1268 1879 πα·

157 1911 337 1997 σπαλέυης,
357 1912 463 1977 Galen.
478 1914 578 1979 Gloss.
595 1937 624 2000 p.
636 1913 714 1980 540.
734 1913 889 1982 υυλωπία
908 1913 983 1995 (nisi
999 1913 1172 1976 mendosum
1190 1916 1263 1996 est),

156 2012 347 2107 χαλκόπους
362 2036 415 2099 pro
432 2009 674 2106 χαλκοκόπτης,
695 2028 731 2081 ut
746 2019 844 2103 ajunt,
865 2017 897 2080 in
913 2016 1003 2099 Corp.
1019 2014 1115 2079 lusor.
1130 2013 1170 2079 N.
1185 2012 1264 2080 837.

157 2118 397 2204 simpludiurius,
426 2120 605 2204 stipendium
620 2123 681 2201 ⁴⁵).
728 2120 786 2184 Sed
807 2120 885 2205 quod
907 2117 1154 2182 Schneidewinus
1179 2118 1268 2202 lingit

157 2219 296 2308 ξίφηρος
322 2242 376 2305 pro
401 2218 583 2307 ξιφηφόρος
610 2220 643 2285 in
667 2219 797 2287 Dissert.
826 2223 863 2285 de
885 2220 982 2284 Diana
1003 2219 1125 2285 Phacel.
1154 2241 1184 2303 p.
1209 2219 1264 2287 11.

159 2335 223 2390 tum
246 2322 373 2407 denique
398 2332 495 2388 ratum
521 2318 679 2412 ducemus,
711 2324 826 2408 siquis
847 2315 1031 2411 ὄρόφηρος,
1058 2317 1190 2397 idcircor
1215 2321 1267 2388 vel

160 2426 259 2493 simile
288 2413 454 2492 monstrum
483 2426 515 2490 in
544 2426 639 2492 lucem
654 2428 849 2511 'produxerit
893 2421 1126 2515 Ἀμφιφορεύς
1151 2436 1265 2504 autem,

119 2519 124 2528 ¹
157 2550 199 2596 nc
221 2530 267 2594 ob¹
280 2527 394 2612 duplex
412 2552 435 2615 φ
456 2528 590 2594 densiori
611 2528 657 2594 illi
679 2529 806 2594 cessisse
828 2531 979 2606 videatur,
1001 2528 1136 2614 regulam
1158 2529 1194 2592 dc
1215 2528 1268 2592 ad·

158 2616 338 2718 spicatarum
361 2630 595 2715 consequutione
617 2631 788 2696 distinctius
809 2632 886 2696 tradi
908 2641 1027 2717 oportet
1053 2633 1097 2695 sic
1119 2641 1154 2694 ut
1174 2650 1268 2714 purae

158 2755 256 2799 anon
274 2733 356 2818 puris
374 2745 462 2818 atque
481 2754 548 2810 cae,
568 2753 644 2818 quac
661 2745 734 2798 sunt
750 2735 883 2819 ejusdem
901 2733 1027 2809 ordinis,
1046 2733 1269 2817 disdnguantur

158 2835 329 2901 adivcrsis
347 2835 406 2921 46).
454 2834 584 2900 Primum
610 2836 704 2921 igitur
728 2837 890 2901 tenendum
917 2845 983 2913 est,
1013 2838 1086 2900 duas
1109 2834 1270 2899 continuas

159 2938 291 3026 syllabas
312 2957 462 3020 nunquam
485 2939 578 3005 ordiri
599 2939 635 3002 ah
659 2940 761 3003 cadem
783 2939 933 3024 adspirata
953 2960 1028 3025 pura
1049 2937 1107 3002 nisi
1131 2937 1164 3000 in
1187 2957 1269 3000 com-

46 3101 52 3128 „
159 3041 307 3127 positione
330 3051 361 3104 ct
382 3040 594 3116 declinatione,
617 3041 670 3104 sed
692 3039 725 3104 in
747 3040 793 3104 his
814 3062 931 3124 quoquc
952 3041 1030 3105 ratio
1054 3040 1188 3104 habenda
1205 3038 1270 3125 syl·

159 3139 293 3208 labarum
315 3142 520 3227 principalium
543 3152 574 3206 et
595 3143 774 3208 cli'ticarum.
808 3141 904 3206 Thcta
924 3144 1053 3208 iteratur
1073 3142 1104 3205 iu
1124 3136 1271 3228 'cippido'-

157 3237 282 3331 θήρας,
309 3238 699 3330 Tapvrodmo(stept1.),
723 3245 931 3331 λιθωθῆναι,
952 3244 1185 3329 οὐθυνθῆναι,
1208 3266 1270 3309 κα-

158 3348 358 3434 θαρθῆναι,
378 3352 573 3413 onocoetae
595 3347 711 3413 Oribas.
733 3351 769 3413 dc
786 3347 886 3413 Fract.
905 3347 970 3412 Vll.
991 3345 1045 3412 86.
1065 3345 1167 3410 xxti.
1191 3342 1266 3408 114.

160 3462 193 3517 et
210 3449 248 3514 L.
264 3447 374 3514 XLlV.
392 3471 422 3536 p.
439 3445 494 3516 28.
518 3450 565 3514 ed.
583 3447 760 3517 Bussemak.
783 3453 837 3517 sed
857 3461 992 3516 mutatur
1010 3449 1044 3514 in
1066 3449 1162 3514 tribus
1182 3447 1274 3515 versi
1333 3523 1339 3535 ‚

165 3638 375 3655 W

229 3755 275 3822 tc)
294 3754 363 3806 llaec
380 3756 510 3824 exemplu,
534 3771 600 3824 quae
618 3774 667 3812 non
685 3759 800 3826 ejusdem
817 3758 982 3811 auctoritatis
999 3763 1062 3810 sunt
1077 3756 1177 3817 omnia,
1201 3753 1269 3806 Tho-

160 3856 228 3896 maan
252 3839 287 3894 M.
312 3841 445 3896 induxisse
468 3844 604 3908 videntur,
632 3851 664 3897 ut
678 3843 871 3916 ἑβδομηκοντίς
892 3861 938 3914 pro
954 3838 1198 3917 s‘pldopopsomirss
1217 3839 1271 3896 dici

161 3941 236 3996 possa
254 3933 367 3993 putaret.

230 4010 277 4077 16)
302 4011 431 4078 Quantum
449 4029 482 4067 cx
498 4014 529 4068 ll.
549 4014 680 4070 lluchncri
702 3977 858 4085 compendio
872 4014 1004 4081 intelligo,
1030 4030 1103 4067 nemo
1119 4010 1272 4066 Buttmanni

162 4098 275 4163 ucsdgiu
292 4115 416 4164 egressus,
430 4109 485 4164 cst,
505 4103 551 4170 qui
566 4101 669 4173 ἐτέθην
685 4111 714 4156 ct
729 4099 882 4175 ολρθῶθην,
898 4100 1053 4172 ἐθρέφθην,
1072 4107 1195 4165 unquam
1212 4111 1278 4150 ⁶⁰¹1.-

166 4185 252 4246 trurie
268 4185 319 4240 sibi
336 4193 365 4240 ct
380 4189 551 4258 repugnantis
567 4189 694 4259 proponit.
730 4187 786 4244 Nec
801 4187 951 4243 distinctius
968 4187 1095 4242 &seruit
1109 4183 1250 4242 nautius.
