2792 4725
172 336 241 405 aaa
394 355 399 366 ·
447 286 450 290 Α
534 325 847 402 nrssnnrarro
877 334 922 403 rr.

174 512 331 609 φεψάλυξ
350 535 369 580 a
389 512 559 602 φέψαλος,
585 514 642 579 boc
663 535 683 578 a
704 510 815 602 φαύω.
860 515 938 580 Sunt
958 489 1147 582 vero¹eliam
1167 502 1289 601 quac}

174 609 248 698 et}
265 622 430 696 alternent,
454 615 731 706 αρίβοο-ορίβαξ
751 619 886 699 (trebax,
910 619 1119 702 servitribax),
1142 614 1290 706 μόθων-

173 717 309 812 μόθαξ,
334 713 612 807 dcccciv-belua&
633 725 665 802 (a
684 719 805 809 λείβω,
828 721 950 802 limus),
973 715 1287 799 occidor-avoided,

173 822 442 913 αἴραν-μεῖραξ,
465 824 550 907 cujus
572 843 742 910 synonyma
764 834 835 887 snut
855 823 998 908 μέλλαξ,
1021 821 1124 910 μῖλαξ
1139 828 1199 906 ¹⁵).'
1233 824 1288 888 llis

973 913 1160 923 ...ι-ι-

76 955 80 961 ·
174 931 269 1016 igitur
287 926 434 1012 exemplis
452 926 643 989 manifestum
660 925 707 1008 lit,
731 926 958 990 terminationes
978 930 1030 1001 αξ,
1055 930 1095 1002 ιξ,
1118 929 1169 1002 αξ,
1192 925 1288 990 multo

176 1033 295 1118 saepius
317 1028 483 1106 additicias,
507 1049 594 1116 qnam
615 1049 634 1092 a
655 1028 766 1092 futuris
788 1030 949 1094 verborum
972 1029 1122 1094 derivatas
1144 1049 1229 1104 esse,
1253 1049 1290 1092 ac

174 1137 202 1202 ai
224 1135 290 1220 quis
312 1134 399 1198 modo
421 1132 510 1196 unius
532 1131 671 1197 vocabuli
690 1131 876 1196 variationes
897 1131 1157 1211 animadverterit,
1180 1120 1289 1217 acipe-

173 1243 255 1329 coe,
284 1229 418 1328 aaran,
447 1231 609 1324 artavis,
638 1229 871 1323 οεοᾶοβολοε»
900 1225 1091 1324 acceptet,
1132 1255 1190 1320 aua
1218 1232 1287 1319 ἰαῦ

175 1344 250 1408 baec
271 1351 434 1426 regantur,
462 1337 534 1401 sciri
555 1357 642 1421 posse
664 1337 844 1422 desperabit.

240 1444 316 1509 Cum
339 1443 396 1506 boc
416 1449 517 1504 autem
538 1460 664 1525 genere,
687 1441 764 1524 quod
786 1439 817 1504 in
839 1439 1001 1524 partitione
1023 1448 1128 1503 nostra
1149 1435 1287 1501 ultimum

176 1559 261 1625 erat,
293 1527 457 1612 concinunt
480 1543 681 1607 Romanorum
709 1541 853 1606 vocabula
880 1541 1021 1627 adjectivi
1049 1551 1081 1606 et
1106 1537 1297 1604 substantivi

176 1650 316 1738 generis,
338 1647 447 1733 partim
467 1646 621 1725 verbalia3
652 1656 793 1721 sternax,
816 1655 921 1729 tagax,
944 1663 1070 1728 procax,
1093 1653 1216 1718 vertex,
1240 1652 1288 1705 tu·

175 1775 249 1820 mex
270 1743 397 1838 σμῶδιξ
415 1749 514 1814 Gloss.
538 1769 634 1832 apex,
658 1748 777 1825 atruix,
798 1747 936 1832 impetix‚
960 1745 1104 1821 offendix,
1125 1745 1286 1831 appendix,

141 1849 146 1859 “
176 1856 307 1932 volvox‚
332 1854 438 1936 partim
460 1873 642 1939 parouyma:
664 1853 749 1915 *dens
770 1850 902 1925 dantes,
925 1850 1032 1914 furnus
1054 1843 1287 1935 (θερμοίοτρα)

175 1961 287 2024 fornax
309 1955 432 2030 fornix,
462 1976 564 2018 mmns
586 1977 694 2019 ramex
724 1955 817 2038 (sicat
842 1953 948 2016 bernia
974 1948 1068 2038 mopsi
1096 1951 1134 2018 cd
1163 1955 1287 2038 ἔρνος).

177 2063 235 2126 Sed
257 2061 333 2124 banc
355 2058 580 2122 similitudinem
607 2058 790 2122 articulatim
812 2057 950 2140 persequi
979 2055 1056 2138 haud
1078 2057 1114 2119 ab
1136 2075 1171 2119 re
1197 2056 1286 2119 duco.

176 2163 278 2249 ltaque
300 2161 395 2247 primo
418 2161 524 2245 generi
546 2162 749 2244 componenda
776 2170 849 2223 sunt
873 2157 1018 2244 simplicia
1045 2159 1128 2236 fors,
1158 2158 1211 2222 lax
1238 2154 1289 2241 (li-

176 2268 289 2348 cium),
319 2284 399 2348 pax,
429 2283 505 2337 arx,
533 2264 656 2339 scrobs,
684 2263 791 2338 scobs,
820 2262 888 2325 lons
911 2272 970 2325 etc.
995 2282 1120 2346 quorum
1144 2281 1288 2326 numerus

176 2391 239 2434 nou
266 2367 389 2452 perinde
416 2386 542 2450 magnus
571 2366 742 2430 abundante
771 2364 1001 2449 compositorum
1027 2365 1128 2450 copia,
1160 2365 1285 2440 artifex,

174 2470 330 2544 mellilex,
360 2488 488 2552 auceps,
518 2468 655 2552 lorceps,
684 2489 842 2552 manceps,
874 2489 1013 2553 meoceps
1029 2468 1093 2549 ¹⁶),
1124 2466 1284 2549 vesticeps,
1362 2493 1367 2499 ·

175 2593 308 2651 aureax,
332 2590 457 2644 remex,
480 2569 620 2655 aquilex,
643 2569 787 2656 altispex,
811 2570 981 2656 coelispox,
1000 2562 1116 2656 judex3
1149 2578 1181 2633 et
1202 2589 1286 2653 para·

175 2675 385 2763 eyntbctorum
407 2673 523 2752 subex‚
553 2671 680 2757 applex,
711 2674 867 2757 complex,
897 2672 993 2750 illex,
1021 2673 1134 2749 index,
1165 2672 1286 2757 pollex,

174 2799 281 2843 rescx.
323 2776 456 2857 Quorum
482 2776 628 2840 nonnulla
655 2797 723 2839 com
750 2775 836 2839 verbi
864 2775 1087 2839 inclinamentis
1115 2775 1288 2839 notabiliter

114 2937 116 2940 ,
176 2888 367 2965 congruunt3
401 2877 470 2941 dac
491 2888 524 2941 et
544 2898 606 2942 rea
631 2878 803 2943 Priscianus
824 2876 849 2942 1.
874 2876 913 2954 5,
934 2874 989 2945 28.
1017 2898 1047 2962 p.
1071 2875 1147 2944 449.
1178 2898 1289 2963 aper·

246 3143 290 3236 1⁵5)
307 3167 452 3236 Hesychius
467 3163 600 3222 Kellmac
616 3157 754 3234 δημότας,
779 3166 891 3218 fortasse
908 3182 954 3235 pre
971 3163 1106 3235 pellianus·
1138 3164 1207 3218 idem
1225 3168 1287 3219 Mt-

173 3252 253 3309 bauae
263 3251 388 3322 νεώτεροι
401 3250 534 3316 αῑΜίλαξ
547 3246 704 3322 δημοτικός,
717 3253 785 3305 sicut
796 3255 927 3321 popularis
940 3254 1037 3305 dieitur
1049 3268 1095 3319 pro
1107 3253 1203 3303 sodalis
1216 3244 1289 3319 ἧλιξ.

245 3363 290 3431 lb)
312 3363 470 3416 Niebuhrias
488 3365 555 3417 llist.
576 3364 647 3417 Rom.
668 3365 699 3417 Τ.
720 3365 739 3418 1.
759 3368 826 3419 Adn.
848 3366 907 3421 107.
929 3375 1033 3419 veteres
1051 3366 1170 3416 literatos
1188 3364 1286 3417 erroris

176 3454 279 3518 arguit,
305 3453 372 3517 quod
388 3456 525 3519 municeps
547 3453 715 3518 compositum
738 3466 794 3503 esse
818 3455 990 3516 crediderint,
1016 3460 1043 3503 et
1061 3452 1193 3513 levitatis,
1220 3451 1287 3517 quod

174 3540 231 3590 tria
248 3538 350 3588 nomina
370 3537 396 3587 in
420 3538 526 3588 eandem
544 3538 671 3607 syllabam
688 3538 823 3600 cadentia,
850 3542 951 3607 biceps,
973 3542 1114 3605 ροὶαοορο,
1138 3541 1289 3604 municeps,

175 3639 193 3675 ι
209 3624 294 3675 tribus
313 3624 425 3674 diversis
442 3623 575 3675 vocabulis
593 3629 689 3690 caput,
713 3628 790 3691 capto
808 3632 835 3677 et
853 3642 961 3692 capesso
982 3632 1103 3691 repetere
1117 3624 1203 3673 conati
1222 3624 1288 3675 sint.-

175 3710 231 3762 lllis
247 3725 308 3762 voro
324 3725 454 3777 nunquam
468 3711 494 3761 in
509 3717 619 3761 mentem
635 3711 717 3770 venit,
737 3726 874 3779 capescere
889 3719 935 3762 aut
950 3712 1080 3762 diversum
1095 3724 1112 3759 a
1128 3724 1222 3775 capere
1238 3711 1287 3761 aut

175 3796 276 3847 omniuo
294 3796 327 3847 ad
344 3796 542 3862 componendum
564 3789 743 3863 aptum‘esse3
774 3812 804 3847 ac
821 3798 996 3858 mirarentur,
1021 3804 1098 3864 puto,
1124 3796 1147 3846 si
1166 3796 1224 3862 quis
1243 3810 1286 3847 ucd

144 3893 146 3897 “
175 3889 250 3947 garet
266 3880 369 3950 γαοτῆρ
387 3878 503 3935 dmitos
524 3889 552 3933 el
567 3886 645 3948 aplos
660 3878 779 3935 ἄναλτον
799 3882 842 3932 vel
861 3880 941 3949 captis
957 3879 1051 3949 νεαλὴς
1074 3890 1101 3933 et
1120 3876 1293 3947 capceaoimf

174 3965 271 4037 eccleis
288 3969 402 4020 diversis
416 3974 475 4019 orta
493 3981 550 4017 esse
565 3967 709 4033 principiis.
738 3966 766 4017 st
783 3983 841 4034 ceps
859 3969 963 4037 syllaba·
979 3968 1107 4032 signidem
1125 3968 1151 4018 id
1168 3965 1235 4033 quod
1253 3966 1289 4016 ad'

174 4070 229 4105 rem
246 4055 375 4122 pertinet,
401 4052 467 4105 nibil
483 4052 594 4103 interest
611 4066 735 4118 aucupem
753 4052 862 4119 aliquem
882 4056 952 4105 dicas
970 4070 1003 4105 an
1021 4055 1165 4115 aviarium,
1191 4052 1290 4103 ruentis

174 4149 312 4209 compotem
331 4156 364 4191 an
382 4147 470 4191 mente
485 4146 599 4204 captum.
632 4138 682 4189 Sed
699 4139 820 4201 interest,
840 4142 925 4202 credo,
945 4140 1094 4207 plurimum.
1124 4122 1212 4193 Nihilo
1230 4154 1288 4191 cer-

174 4230 227 4280 tior
244 4229 307 4282 niti
325 4228 431 4280 videtur
448 4227 495 4277 illa
512 4225 544 4278 de
561 4226 670 4294 consul,
688 4226 785 4288 castel,
798 4227 928 4295 parasset,
952 4226 1112 4338 conjectura.
