2792 4725
288 353 349 421 nn
374 344 538 437 uentu.
569 347 742 421 nouos.
773 347 810 418 r.
832 351 896 420 111.
927 353 956 440 ς.
977 355 1009 422 2.
1129 355 1213 426 aea

97 539 182 615 bum
206 536 255 602 cui
276 534 461 601 adhaereant
479 545 620 620 tanquam
642 534 741 620 stirpi,
765 555 826 600 non
847 534 969 600 habent.
1000 525 1117 624 Θαλής
1131 531 1214 624 lley-

98 643 170 706 nius
190 638 428 705 comminiscitur
448 638 486 702 ad
504 637 540 701 ll.
556 637 672 702 xxtv.
692 635 769 702 304.
792 637 932 706 θαλέων
949 632 1214 726 ἐμπλησάμενος

97 743 173 832 κῆρ,
196 765 283 828 quem
305 742 471 827 genitivum
493 741 692 805 buttmannus
714 741 750 804 ab
772 739 920 826 adjectivo
937 735 1059 816 θάλος,
1077 733 1213 827 θάλεια,

98 847 223 932 repetit,
246 845 434 929 indidemque
455 844 583 909 verbum
602 836 747 911 θαλύνω
770 842 857 921 duei;
882 844 987 929 quibus
1008 845 1076 908 addi
1096 857 1214 930 poterat

99 971 212 1014 nomen
239 947 419 1013 solemnium
444 941 614 1027 θαλύσια,
648 956 683 1010 ut
710 967 729 1010 a
754 945 853 1020 νέους
879 937 1036 1029 νεκύσια,
1069 949 1213 1032 producta

98 1051 264 1137 penultima
284 1062 319 1114 ut
339 1047 434 1140 χάρις
454 1047 623 1141 χαρίσιος,
642 1043 804 1138 Ἄρτεμις
823 1043 1035 1140 Ἀρσεμίσιος
1049 1050 1108 1134 ¹⁵).
1152 1049 1214 1115 Ve-

98 1165 182 1219 teres
198 1153 272 1218 illud
286 1154 527 1238 interpretantur
541 1153 690 1239 adjectivo
705 1143 849 1220 θάλλειν
865 1144 1074 1230 ποιούντων,
1089 1149 1211 1239 η’δέων,

99 1268 131 1322 et
153 1257 262 1321 Suidas
279 1255 446 1325 Θαλίεσοι
464 1268 659 1342 τρυφεραῖς,
681 1248 827 1324 θάλλειν
846 1247 1038 1334 ποιούσαις,
1062 1257 1114 1321 sed
1131 1253 1213 1321 line-

99 1371 202 1425 sterus
224 1381 243 1424 e
264 1360 350 1423 codd.
373 1371 520 1447 τροφαῖς
540 1359 693 1446 reposuit,
718 1359 794 1444 quod
814 1359 910 1444 poscit
931 1370 1073 1425 accentus
1096 1369 1127 1424 et
1144 1361 1213 1424 sub-

95 1465 213 1549 jectum
237 1462 407 1546 exemplum
432 1460 495 1529 τδν
517 1465 586 1550 μὲν
607 1462 669 1551 ἐμά
695 1461 880 1530 θαλίεσσιν
905 1457 1094 1550 α’νὲτρεφον
1119 1462 1214 1526 idem·

100 1588 158 1652 que
181 1565 294 1650 legitur
314 1566 348 1628 in
369 1565 523 1631 Alcmanis
543 1567 594 1630 Fr.
613 1565 724 1630 txvt.
748 1570 786 1633 ἐν
808 1562 945 1633 σάλεσσι
965 1564 1106 1640 πολλοῖς
1126 1559 1214 1652 ἥμε-
1257 1555 1261 1568 ’

98 1692 171 1744 νος.
214 1670 318 1753 Aeque
340 1668 477 1733 fictitium
500 1680 548 1733 est
567 1665 700 1755 θανής,
733 1670 769 1734 de
794 1689 851 1754 quo
875 1669 975 1734 Schol.
1001 1665 1055 1734 Od.
1080 1670 1134 1736 M.
1156 1669 1210 1736 22.

100 1785 132 1837 et
152 1772 328 1837 Eustatlrius
349 1793 379 1856 p.
401 1769 502 1848 1705,
527 1770 580 1837 69.
605 1767 644 1837 οδ
666 1770 842 1846 διςθανέες
863 1777 901 1839 ἐν
922 1770 999 1838 dont
1018 1770 1137 1858 με’ρεοι
1157 1762 1215 1838 λύ-

98 1898 163 1964 yoo
184 1871 409 1963 οἷναμνύσιιει
424 1867 684 1962 Ἀπολλόδωρος.
715 1873 933 1963 Κοδεστέρας
954 1871 1092 1949 ἐλπίδας
1106 1873 1210 1959 Polyb.

99 1979 151 2044 lll.
176 1978 237 2057 96,
262 1978 294 2042 7.
329 1979 633 2064 Schweighaeuserus
656 1989 771 2043 temere
795 1978 927 2042 defendit
952 1978 1097 2043 adversus
1117 1977 1215 2040 Ernc⁴

100 2084 192 2148 stium
210 2080 466 2170 ἒπικνδεστίρας
488 2080 703 2167 corrigentem,
727 2102 785 2166 quo
806 2079 858 2144 ille
880 2079 999 2164 saepius
1020 2090 1140 2144 etcum
1164 2099 1215 2142 eo·

99 2189 167 2251 dem
190 2185 377 2250 substantivo
399 2185 507 2250 utitur.
541 2180 718 2270 Μενοινής
735 2177 921 2272 πρόθομος
939 2181 1071 2269 Hesych.
1097 2180 1215 2246 etiamsi

99 2302 211 2355 testem
232 2288 369 2366 baberet,
392 2299 493 2352 tamen
514 2289 552 2352 ad
571 2298 762 2375 praesentem
783 2307 871 2351 usum
889 2284 965 2348 nihil
984 2285 1147 2349 conferret.
1180 2281 1215 2347 ln

98 2394 246 2459 Nicandri
262 2392 314 2456 Fr.
333 2392 357 2457 l.
381 2390 478 2482 χίδρα
498 2389 781 2479 μὲνέννρίιμειας
793 2426 837 2438 -
849 2378 966 2457 ιύάδει
984 2387 1020 2471 δὲ
1035 2388 1120 2476 μινῆ
1139 2382 1216 2475 ἅμα

100 2495 238 2585 φύρσον
257 2492 367 2583 ἐλαίῳ,
390 2496 590 2560 Schneiderns
611 2493 805 2580 probabiliter
826 2492 951 2577 corrigit
967 2488 1107 2580 μανένθ’
1125 2486 1216 2579 ἅμα,

98 2620 199 2685 neque
220 2598 266 2663 illi
287 2598 374 2663 iidem
397 2598 479 2663 addit
498 2598 673 2663 adverbium
693 2594 780 2686 μίγα
801 2598 868 2663 sive
888 2594 1012 2683 μίσγα·
1037 2612 1165 2679 uamtpte
1187 2594 1216 2659 si
1338 2638 1341 2646 ·

99 2695 213 2791 σάφα,
234 2694 360 2791 κάρτα,
380 2700 476 2792 λίνα,
497 2693 597 2793 τάχα,
621 2692 688 2769 obeo
711 2702 750 2765 ab
769 2700 942 2787 adjectivis,
967 2709 1002 2763 ut
1021 2695 1216 2763 Grammatici

99 2806 229 2883 volunt,
266 2806 364 2890 repeti
392 2816 536 2891 possunt,
576 2814 678 2868 tamen
709 2802 784 2869 haec
811 2798 983 2867 similitudo
1011 2799 1137 2864 fortuita
1168 2804 1216 2863 est

99 2920 226 2995 propter·
248 2906 417 2972 naturalem
441 2907 658 2994 adjectivorum
684 2917 716 2971 et
740 2905 950 2972 adverbiorum
976 2905 1067 2989 (quae
1092 2900 1216 2987 Apollo-

100 3013 170 3078 nius
196 3009 374 3078 ἐπιθεσικά
399 3006 565 3100 ῥημάτων
588 3010 692 3092 vocat)
718 3009 944 3096 cognationem,
974 3023 1072 3090 neque
1093 3014 1216 3089 propter

42 3166 45 3172 .
99 3110 184 3202 ἦκα,
208 3126 287 3204 σῖγα
301 3114 362 3196 1⁶),
384 3108 494 3197 πύιια,
515 3112 615 3193 λίπα,
637 3106 740 3195 άνοα,
762 3115 841 3179 sunu
862 3111 934 3175 licet
952 3108 1099 3195 adjectiva
1118 3102 1215 3193 ηἰιία,

99 3216 208 3287 άντέα
229 3228 288 3283 etc.
311 3218 345 3282 in
366 3240 453 3284 usum
475 3228 598 3303 recepta
618 3216 731 3294 fuisse,
763 3214 816 3281 sed
837 3214 936 3299 potius
960 3212 1002 3277 ita
1023 3210 1215 3276 statuendum

100 3322 244 3389 adverbia
269 3320 303 3385 in
330 3342 364 3386 se
393 3322 550 3385 continere
577 3320 640 3385 vim
665 3318 882 3405 adjectivorum
909 3317 962 3381 scd
986 3305 1052 3380 sine
1073 3312 1215 3377 articula·

99 3428 186 3490 tione
208 3424 343 3510 generis,
365 3424 484 3489 numeri
506 3434 538 3489 ct
559 3444 694 3488 casuum.
734 3422 792 3487 Sed
812 3421 955 3496 referam,
979 3437 1054 3502 quac
1075 3425 1212 3479 restant:
1238 3463 1239 3466 ,

100 3520 244 3615 Σθενής
274 3520 408 3618 ἰσχυράς
437 3527 524 3592 Phot.
556 3537 588 3591 et
616 3527 698 3590 Suid.
731 3521 773 3592 ού
802 3522 953 3605 σθενάς,
983 3514 1045 3587 ούιι
1074 3513 1217 3607 ἰσχυράς

99 3630 241 3721 llesyoh.
267 3627 413 3722 οπερχής
435 3628 623 3704 σπονδεῖος
646 3630 679 3694 in
701 3628 854 3714 Rutgersii
876 3624 1049 3701 Glossario,
1080 3641 1134 3707 pro
1157 3642 1215 3706 quo

97 3725 273 3825 άσπερχύς
300 3735 359 3801 dici
386 3734 465 3801 solet
491 3746 526 3800 ut
552 3725 697 3823 οἷχανής,
729 3743 884 3818 postremo
909 3726 1003 3818 φοάς
1030 3721 1129 3814 φύσει
1156 3724 1215 3787 tte

173 4012 218 4077 15)
235 4011 333 4065 Ασοοδ.
347 4010 433 4063 (iram.
448 4008 469 4061 l.
486 4007 546 4069 tte.
562 4004 728 4079 Ἀρτεμίσιον
743 4002 777 4063 νδ
793 4026 828 4077 μι
843 4001 942 4077 βραχύ,
960 3998 994 4059 σά
1008 3997 1037 4057 δὲ
1056 4020 1084 4055 σι
1098 3997 1213 4072 μακρόν.

98 4098 269 4153 Contrarium
285 4099 371 4151 voluit
388 4098 483 4160 dicere.

171 4186 217 4251 tt)
243 4183 419 4251 Goetttiugius
442 4185 473 4236 de
496 4182 601 4236 Accent.
626 4197 652 4249 p.
676 4167 736 4235 lta.
760 4180 822 4251 σῖγα
845 4178 905 4232 olim
931 4180 1110 4247 imperativum
1135 4176 1216 4231 luisse

98 4273 198 4325 statuit
215 4274 287 4340 σίγα.

932 4350 971 4416 11
986 4359 1016 4397 δ’
