2792 4725
189 332 264 412 sot
415 377 419 383 -
511 300 941 401 'nissuurarrotu
1025 408 1027 413 ,

189 516 347 589 induxisse
372 512 504 591 videtur,
532 524 568 579 ut
589 534 666 598 quae
686 513 901 599 adjectivorum
923 508 1149 579 similitudinem
1170 525 1295 601 gerum,

188 643 226 692 rc
247 642 321 687 vere
341 620 378 683 ah
398 617 460 681 illis
481 618 719 701 possessivorum
741 616 828 681 modo
858 616 994 681 derivate
1019 616 1147 682 vellent.
1190 617 1297 703 Neque

190 714 281 791 aliter
301 721 399 786 sentio
421 720 458 783 de
479 719 647 784 nominihus
668 718 840 803 oppidorum
851 718 1011 798 Autronio,
1034 720 1213 797 Brauronia,
1235 720 1298 807 Cy·

190 816 293 901 donia,
316 816 353 887 ca
374 842 434 885 non
456 822 554 885 minus
575 820 724 907 adJectiva
743 810 812 885 esse
834 840 920 904 quam
942 823 1013 887 nrhs
1029 822 1219 908 Syracusana
1234 834 1295 887 etc.

188 919 408 1009 do‘rtuitumque
429 944 513 999 reor,
544 923 619 1008 qnod
646 923 752 987 horum
780 925 876 987 forma
905 924 1075 1009 principalis
1098 926 1295 1002 inveteravit,

194 1054 269 1118 qnae
292 1030 319 1095 si
339 1028 411 1093 olim
435 1026 545 1090 aholita
567 1036 649 1096 esset
656 1072 667 1103 ,
695 1046 732 1089 ea
754 1046 829 1109 quae
854 1045 934 1091 nunc
955 1026 1132 1092 derivativis
1153 1029 1297 1091 adnume-

190 1146 311 1209 rantur,
333 1129 552 1215 primitivorum
574 1150 684 1192 nomen
705 1128 861 1213 locumque
885 1140 1076 1215 usurparent.
1122 1128 1241 1210 Qnain
1262 1148 1298 1195 re

65 1303 68 1308 ,
193 1236 356 1303 memoriae
377 1232 510 1297 occurrit
531 1231 568 1296 G.
588 1229 690 1295 Vossii
711 1232 810 1316 opiuio
831 1232 999 1297 Aristarch.
1025 1231 1076 1295 lll.
1100 1230 1154 1297 38.
1177 1231 1299 1317 Phihp-

188 1341 240 1427 pi,
273 1332 396 1412 dotat,
419 1334 490 1397 olim
510 1332 677 1397 incolarum
705 1335 799 1399 luisse
819 1335 982 1417 vocabula,
1013 1335 1116 1419 hisque
1138 1344 1299 1399 consenta-

192 1462 254 1507 nea
279 1458 387 1525 graeca
415 1433 612 1525 Βραγχίδαι,
644 1431 816 1516 Οἰνιάδαι,
844 1434 1083 1525 Πασαργάδαι,
1104 1436 1300 1520 Λεοντῖνοι,

78 1554 81 1562 ’
195 1540 351 1624 Λίνδωι,
380 1535 540 1623 Θούριοι,
572 1531 781 1624 Πολλήσωι,
805 1532 952 1623 Ῥύπες,
982 1532 1191 1627 Κενοάριπες
1220 1540 1301 1603 Cen·

194 1646 332 1730 turipae,
370 1640 506 1728 Γέργις,
539 1635 685 1722 Κύδων,
721 1638 893 1728 Κρήσιον
928 1640 1027 1726 ete.⁶)
1063 1662 1139 1727 quae
1179 1641 1301 1706 uomina

104 1802 110 1817 ,
196 1759 269 1815 sunt
288 1746 405 1809 urhinm
427 1754 458 1807 et
483 1741 651 1808 incolarum
675 1744 860 1822 communia,
889 1745 978 1828 idque
1000 1744 1095 1829 ipsum
1116 1745 1245 1809 lortame
1266 1742 1300 1807 in

197 1870 288 1917 causa
311 1848 386 1925 luit,
422 1866 478 1910 cnr
512 1846 604 1930 aliqui
625 1845 811 1934 Γεργίδιοι,
836 1843 1019 1927 Ῥνπαῑοι,
1045 1848 1299 1932 Κρηστωναῖοι,

197 1944 335 2017 dicerent
368 1950 406 2013 oh
441 1949 556 2013 formae
588 1948 756 2033 primitivae
792 1949 977 2014 intellectum
1016 1949 1197 2033 ambiguum.
1242 1948 1301 2015 Sed

197 2057 234 2119 de
257 2054 305 2118 his
332 2061 444 2117 statuet
471 2052 549 2134 quod
579 2052 705 2134 quisque
741 2052 893 2128 voluerit3
922 2062 995 2117 aunt
1027 2051 1108 2116 euim
1135 2073 1211 2135 quae
1236 2074 1302 2118 om·

187 2179 267 2223 uem
289 2154 508 2220 cunctationem
529 2153 713 2237 praecidant.
760 2153 926 2239 Stephanus
947 2151 1133 2234 Kotooto,
1161 2151 1181 2220 6
1199 2153 1303 2223 πολύ-
1381 2156 1388 2175 “

196 2252 258 2348 cqc
285 2250 527 2341 Κυδωνιάτης,
556 2247 685 2322 Κύδων
712 2255 769 2322 ecl
790 2253 1039 2330 Kodmvsedc
1066 2250 1190 2346 άνήρ,
1220 2259 1299 2342 quod

197 2364 290 2447 vulgo
326 2360 437 2446 legitur
461 2358 590 2423 Thencr.
620 2356 687 2434 Vll.
717 2358 770 2424 12.
807 2359 1004 2444 similiterque
1037 2347 1125 2449 άύήρ
1152 2353 1304 2439 'Ioventio

197 2467 295 2531 Arist.-
317 2463 387 2526 Pac.
413 2460 468 2525 47.
492 2472 525 2526 et
546 2461 656 2524 omisso
680 2461 802 2526 nomine
822 2459 1013 2552 Ἀχαρνικοί
1024 2464 1124 2527 Arist:
1133 2463 1209 2528 Ach.
1225 2464 1301 2532 331.

187 2557 395 2640 ’Λακωνικοί
414 2585 446 2627 v.
469 2563 633 2628 Hermann.
656 2564 694 2628 ad
715 2562 813 2628 Nuhh.
835 2563 908 2629 187.
934 2564 1089 2630 indiscreti
1111 2567 1146 2631 eh
1168 2567 1230 2632 illis
1252 2566 1303 2651 qui

198 2670 318 2758 proprie
339 2661 501 2740 Λάκωνες
523 2664 666 2749 appellari
687 2665 787 2730 solent
813 2688 846 2731 v.
868 2663 1018 2752 lirueger.
1039 2670 1076 2733 ad
1096 2670 1179 2732 Xen.
1202 2670 1300 2736 Anah.

125 2814 128 2818 -
199 2771 239 2838 V.
264 2772 296 2847 1,
321 2769 373 2834 15.
396 2763 582 2855 Ἀριστίων
606 2763 815 2842 [licentiosis
836 2769 979 2834 Aeschin.
998 2770 1077 2836 Fals.
1093 2771 1166 2856 Leg.
1181 2795 1211 2857 p.
1227 2770 1303 2838 549.

199 2875 275 2959 quod
302 2873 358 2938 vix
386 2873 486 2937 differt
511 2891 532 2934 e
561 2865 770 2950 Πλαταιεύς,
798 2867 997 2957 Ἀρκαδικὸς
1022 2874 1161 2940 Menand.
1189 2874 1301 2959 Troph.

199 2999 230 3064 p.
262 2974 335 3042 166.
365 2974 505 3060 (παῖδες
529 2968 726 3058 Ἀρκαδικοί
751 2974 879 3038 Theocr.
908 2973 975 3038 Vll.
1008 2974 1080 3040 166.
1117 2987 1152 3040 ut
1176 2975 1304 3045 Λυδῶν

197 3079 318 3154 παῖδες
339 3079 466 3161 Herod.)
499 3081 536 3144 ui
554 3067 750 3162 ‘Poprctten'c'
777 3076 833 3139 llio
862 3075 948 3140 Cass.
973 3077 1112 3142 LXXVI.
1145 3076 1196 3143 16.
1226 3081 1304 3164 apud

198 3183 322 3247 latinos
344 3182 486 3256 Poenici,
506 3179 533 3244 ni
554 3179 706 3264 vulgatam
735 3178 888 3261 sequimur
910 3178 998 3244 Varr.
1023 3179 1058 3244 L.
1081 3178 1146 3242 Vll.
1171 3178 1225 3244 36.
1248 3181 1303 3265 pro

173 3292 176 3295 ’
199 3285 305 3360 Poeni,
327 3285 440 3348 Italici
458 3304 512 3368 pro
531 3280 610 3345 ltali.
655 3281 709 3343 llis
738 3279 957 3364 praetermissis
987 3280 1179 3346 Grammatici
1206 3293 1304 3348 certa·

198 3388 253 3478 tim
273 3387 418 3470 ingerunt
444 3383 581 3468 exempla
602 3403 769 3467 paragogae
790 3382 822 3444 in
847 3367 911 3455 ιοξ.
962 3383 1138 3468 Apollonius
1165 3385 1201 3448 de
1222 3386 1302 3450 Adv.

198 3511 229 3574 p.
252 3485 327 3552 597.
350 3480 540 3573 παράγεται
559 3486 628 3571 μὲν
648 3480 671 3569 q‘
693 3474 804 3570 φωνή,
827 3479 869 3550 ού
889 3482 1013 3570 μύντδ
1031 3485 1302 3573 apportavimus,

184 3588 246 3665 'nic
270 3585 322 3656 ἐπ’
343 3583 526 3674 ὀνομάτων
551 3592 617 3677 ἔχει
636 3583 676 3651 ού
705 3581 921 3673 α’ναγωαίη
943 3585 1025 3676 γάρ
1055 3588 1217 3679 ἐπείγει
1245 3591 1304 3660 οιαὶ

197 3688 448 3780 παρθενικῇ
469 3693 631 3767 εἰκαῖα,
653 3687 713 3755 sol
732 3684 772 3754 ed
790 3685 944 3764 Αἰτωλός
965 3689 1151 3769 Αἰτώλιος,
1174 3689 1306 3781 κάπρος

198 3811 409 3830 --·-···-·

268 3863 295 3928 d)
312 3862 442 3914 docentus
459 3862 554 3912 mutati
572 3864 714 3931 exemplum
732 3865 830 3918 nullum
847 3867 910 3918 mihi
935 3867 963 3918 in
980 3876 1097 3936 promptu
1114 3871 1305 3938 praeterquod

200 3948 346 4016 Stephanus
359 3945 439 4020 vall'ert
456 3953 483 3997 et
501 3946 548 3997 hoc
565 3951 691 4017 copiosior
709 3951 853 4004 Scholiasta
871 3954 904 4004 ad
922 3952 1025 4006 Oribas.
1049 3953 1080 4006 1..
1099 3952 1193 4007 XLIV.
1213 3972 1238 4023 p.
1259 3956 1303 4011 32.

199 4035 239 4086 ed.
259 4031 439 4084 Bussemaker.
460 4027 639 4096 Κύριοι-ά
658 4027 739 4089 ιάνοι
758 4037 807 4090 τού
823 4037 936 4092 divendi
953 4033 1021 4103 άξύο,
1041 4039 1090 4094 τού
1107 4037 1137 4095 dd
1151 4045 1240 4114 καρύου
1256 4039 1306 4111 riis

197 4117 301 4174 πόλεως
320 4107 418 4188 stapris,
437 4130 484 4166 nec
501 4117 645 4181 prosodiae,
670 4120 721 4172 nial
744 4122 806 4176 urhe
823 4120 949 4196 Kaipost
971 4123 1024 4176 site
1047 4126 1134 4192 petina
1160 4127 1232 4181 dicta
1256 4135 1309 4194 est,

195 4220 272 4275 quem
289 4222 306 4258 e
323 4203 412 4274 cypho
428 4202 515 4254 nescio
532 4217 590 4270 quo.
