2792 4725
286 265 346 331 nn
374 262 541 332 nourr.
571 261 745 330 nonos.
776 261 813 329 c.
832 262 858 330 1.
888 265 918 352 ς.
938 263 972 332 s.
1125 263 1196 334 too

106 449 228 537 icyckius
247 443 342 556 pepi}
361 445 429 512 sive
452 440 564 534 οτρῖγξ
577 444 733 510 Antonino
756 465 784 510 c.
800 441 889 508 XXI.
914 453 946 509 ct
960 441 1110 533 Hesychio
1125 445 1194 510 red·

106 553 174 627 didit,
202 550 325 614 fortasse
350 570 368 612 u
390 569 499 634 graeco
521 546 619 634 τρίζω
646 548 827 612 derivatum.
874 545 1027 632 ignotiora
1049 549 1193 633 quucdntn

105 653 248 740 Hesychius
269 651 398 735 promit:
427 648 542 737 Kpr'uuc
563 647 692 737 κρίκον,
722 651 799 734 quod
820 649 853 712 in
874 651 1059 734 metaplastis
1082 661 1193 716 tmcta-
1239 716 1242 722 ,

104 758 182 834 iitur3
216 751 298 840 Βρίξ
328 752 416 827 εἶδος
444 747 598 832 ἄνθους,
630 757 665 819 οἱ
691 750 728 820 δὲ
756 753 1103 862 nspcuuepepiuu,·pro
1133 769 1192 836 qno

104 857 277 920 &incideres
299 857 331 920 in
353 855 431 920 Lex.
457 853 512 918 Gr.
538 853 640 938 Suppl.
665 875 693 918 s.
719 851 906 940 Θριδακίνη
928 856 1068 940 proponit
1087 854 1193 943 βρέν-

102 963 156 1036 θιξ,
181 979 274 1042 neque
303 958 367 1022 scio
395 978 437 1022 ex
464 956 567 1020 multis
597 956 685 1042 hujus
708 955 818 1020 herbae
841 957 993 1020 vocabulis
1016 959 1092 1043 quud
1120 977 1192 1040 pro-

102 1061 151 1144 pius
173 1061 211 1123 sit
236 1082 324 1144 quam
349 1057 495 1144 τριξαλίς
526 1059 664 1122 Dioscor.
696 1058 771 1122 Mct.
799 1058 850 1122 tv.
880 1057 943 1140 60,
974 1059 1049 1126 549.
1084 1057 1190 1148 βρῖζο

101 1183 159 1226 rcro
183 1182 199 1224 a
227 1163 437 1245 peristereone
461 1161 582 1246 longius
614 1160 716 1224 distat.
770 1161 816 1224 Ad
839 1162 913 1226 haec
934 1162 1070 1227 adverbii
1091 1161 1191 1228 simile

98 1261 163 1339 Βλίξ
182 1264 338 1352 συνεχῶς,
360 1265 437 1349 quod
460 1263 579 1328 auctius
600 1263 653 1326 sed
669 1283 731 1326 non
748 1262 859 1328 clarius
873 1265 970 1328 reddit
982 1265 1191 1348 Theognostus

98 1366 178 1429 Gran.
200 1364 224 1429 1.
250 1366 325 1430 184.
355 1365 430 1455 pti&
456 1364 496 1432 ud
523 1364 669 1455 συνεχῶς
696 1364 957 1454 perpetuumu).
1010 1367 1051 1430 Et
1070 1365 1190 1453 Φρίκος

98 1461 230 1556 χάρακος,
264 1470 366 1533 nescio
395 1491 435 1533 an
464 1490 517 1553 pro
548 1459 677 1555 Φρύκες
705 1469 735 1531 id
762 1479 809 1532 est
831 1465 954 1556 φύρκος
975 1469 1042 1534 sive
1064 1463 1192 1557 cpu'puas

88 1569 199 1654 sorece,
221 1573 311 1648 valli,
336 1573 442 1656 quibus
463 1592 574 1636 nomen
593 1580 646 1662 est
665 1571 815 1657 φοῦρκος
830 1581 861 1635 et
877 1565 978 1658 dpycc
992 1594 1024 1636 v.
1041 1573 1187 1658 Aglaoph.

92 1694 115 1756 p.
133 1671 200 1738 866.
228 1673 282 1737 nbi
310 1694 386 1757 quae
414 1674 506 1739 aliato
534 1685 582 1738 cst
602 1673 760 1758 Hesychii.
776 1673 877 1758 glossa
908 1667 1039 1761 Φύρκος
1066 1689 1189 1765 τοῖχος,

91 1796 119 1838 en
141 1775 254 1858 quidem
285 1776 419 1860 pertinet
447 1778 484 1840 ud
511 1775 692 1862 Thucydidis
719 1776 817 1840 locum
847 1775 886 1840 V.
908 1773 962 1840 46.
986 1778 1040 1840 sed
1063 1798 1099 1843 eu
1121 1778 1190 1842 ioco

90 1871 200 1962 Φύρκος
227 1888 279 1942 est
313 1899 424 1945 nomen
451 1879 601 1964 topicum‚
636 1879 755 1962 proprie
793 1879 871 1942 idem
903 1878 1077 1962 significans
1111 1882 1190 1964 quod

89 1983 233 2067 φοορκος,
268 1973 450 2072 ὀχύρωμα,
480 1982 560 2045 sicut
585 1980 731 2046 vocabulo
762 1981 890 2066 plurimu
920 2002 961 2044 ex
983 1983 1190 2046 communibus

90 2085 154 2146 iactu
185 2095 258 2148 sunt
288 2093 441 2147 certorum
473 2082 607 2148 locorum
634 2083 772 2168 propriu:
814 2075 943 2170 πύργος
970 2083 1101 2148 Herodo.
1133 2082 1186 2148 tv.
1316 2087 1322 2102 '

89 2183 149 2248 148.
164 2186 261 2276 χῶμα
277 2185 368 2249 Pons.
385 2183 466 2248 vttl.
479 2184 534 2262 44,
544 2186 578 2250 4.
595 2198 627 2251 et
640 2186 732 2268 vulgo
747 2198 817 2250 notu
833 2185 898 2272 ἴδη,
917 2181 992 2271 ὕλη,
1007 2187 1092 2266 dior,
1108 2185 1190 2273 dpv-

87 2286 150 2373 μὸς,
168 2284 345 2378 πορθμός,
366 2286 454 2379 ῥίον.
497 2288 602 2352 Restat
629 2289 765 2373 quintum
792 2287 858 2365 Λίξ
886 2283 1028 2377 πλάγιος
1057 2289 1114 2358 καὶ
1135 2286 1189 2356 λί-

86 2397 141 2464 θος
158 2390 353 2469 πλατύς,οι
382 2392 482 2475 paulic
510 2401 582 2455 unte
603 2390 689 2479 Atys
711 2384 855 2480 πλοῖγιος
877 2393 1038 2481 capicerio
1061 2390 1084 2480 ἢ
1106 2418 1190 2483 σχα-

88 2490 207 2579 οτηρίο,
235 2495 286 2559 cui
316 2495 499 2579 interpretes
529 2494 675 2558 vocabulo
703 2494 811 2559 similis
841 2486 956 2577 formae
985 2506 1016 2559 ct
1038 2496 1188 2581 signitica-

86 2596 163 2660 tionis
191 2609 359 2682 apponunt,
391 2597 514 2684 λέκροι,
544 2594 665 2682 disput,
692 2595 851 2683 λικριφίς,
881 2590 1008 2689 λεχριός
1040 2610 1071 2663 et
1092 2599 1188 2663 latinu

85 2697 175 2783 b'qtalu
199 2700 357 2787 obliquus,
380 2698 511 2763 sublices.
534 2697 749 2787 Moschopulus
772 2701 878 2778 Sched.
896 2724 926 2787 p.
946 2700 1019 2768 166.
1043 2700 1093 2777 λίξ
1112 2698 1189 2769 ἐπί-

86 2805 190 2869 θετον.

585 2908 616 2993 §-
638 2908 671 2975 s.

136 3011 247 3085 otto
277 3020 327 3092 εἰς
349 3004 409 3096 ἴοι-ξ
431 3014 526 3108 λήγει
547 3014 660 3108 ὄνομα
681 3018 773 3108 πλήν
793 3012 906 3108 μόνον
927 3020 951 3109 ἦ
970 3027 1070 3108 προῖξ
1091 3024 1187 3091 Hero·

82 3114 151 3180 dien.
172 3146 210 3187 π.
232 3124 331 3189 Mos‘.
354 3145 385 3207 p.
402 3122 457 3198 41,
482 3122 535 3189 19.
558 3121 671 3210 μόνον
692 3121 732 3191 ud
753 3123 851 3211 προίξ
872 3125 1056 3211 Theognost.
1081 3128 1184 3191 Crem.
1219 3194 1231 3215 .

82 3215 114 3279 lt.
135 3220 206 3285 132.
229 3225 282 3287 nbi
309 3236 477 3309 oxytonum
500 3236 566 3303 cst,
597 3239 633 3291 ut
660 3228 764 3291 multis
786 3226 854 3291 aliis
875 3226 951 3292 iocis
974 3229 1130 3293 Demosth.
1155 3252 1184 3295 ο.

82 3319 159 3386 ones.
177 3322 202 3387 1.
226 3322 306 3406 868,
331 3324 384 3391 10.
409 3349 437 3391 c.
462 3328 568 3393 Boeot.
593 3326 690 3405 1912,
718 3328 773 3395 23.
805 3329 907 3395 lsueus
930 3332 967 3395 de
988 3330 1085 3417 Hugn.
1110 3332 1184 3397 Her.

81 3417 199 3495 88,13.
231 3428 333 3493 Stroh.
358 3428 411 3495 lv.
437 3429 513 3496 172.
545 3431 628 3494 stob.
653 3430 737 3496 Flor.
765 3420 891 3497 Lxxlt.
917 3431 949 3496 5.
973 3455 1003 3518 p.
1023 3431 1100 3510 486,
1129 3432 1184 3499 36.

80 3522 220 3591 Plutarch.
251 3531 290 3596 de
319 3533 398 3595 sut.
429 3532 515 3598 Poet.
547 3555 575 3597 c.
599 3532 651 3596 tlt.
684 3533 825 3597 Ammon.
857 3535 894 3599 de
915 3535 1021 3599 Differ.
1052 3558 1084 3624 p.
1109 3534 1183 3601 145.

82 3624 169 3691 Sshol.
192 3631 270 3696 Eur.
294 3633 374 3697 Med.
399 3633 474 3700 945.
498 3634 684 3721 Moschopnl.
710 3636 819 3721 Opusc.
843 3658 873 3721 p.
895 3636 970 3713 125,
993 3635 1026 3701 6.
1050 3638 1183 3725 Hesych.

81 3748 103 3790 t·
115 3731 232 3820 Φέροη,
253 3735 344 3822 idque
354 3736 501 3802 mundius
522 3748 628 3803 tuetur
646 3761 677 3824 p.
697 3738 781 3817 125,
794 3736 828 3802 6.
853 3750 884 3803 et
904 3739 983 3805 ratio
1004 3739 1081 3825 ipsa,
1103 3743 1131 3806 si
1144 3762 1186 3808 ex

79 3885 277 3903 5¹—-

137 3980 180 4046 38)
197 3982 344 4053 Hesychius
360 3980 501 4067 Ἐπίολοξ
518 3980 647 4057 οοννεφῆο
664 3982 772 4057 νιφετῷ,
792 3993 819 4038 ct
834 3980 970 4057 Ἐπίβληξ
986 3979 1116 4059 correptis
1131 3986 1184 4040 ior·

80 4068 310 4223 ffipippptbiun
326 4081 368 4126 cst
384 4066 498 4143 tcaput
515 4068 637 4141 mezur,
655 4074 722 4142 quod
739 4090 786 4143 pru
803 4089 833 4189 re
847 4080 910 4126 nutu
922 4074 1052 4185 adiectiro
1072 4070 1183 4143 scrupis
