2792 4725
153 319 228 388 901
268 387 273 395 ,
498 313 814 386 tttssttlttnnlo
836 319 900 386 lll.

155 496 255 575 θείας
274 525 296 588 η
283 488 553 588 ’πληθοντικῆς
578 495 640 567 οὐκ
661 503 755 567 ἔστιν
777 494 900 586 εώρεῑν,
924 521 998 586 qnae
1020 499 1107 585 paulo
1130 501 1214 587 looup
1216 499 1259 567 le·

156 602 233 667 tiora
254 613 287 666 et
307 605 510 668 emendatiora
512 604 725 688 legunturp.
751 601 804 669 79.
830 603 957 685 (Aneod.
983 603 1078 668 notk.
1056 627 1136 728 p
1162 602 1269 702 13834

156 707 202 787 b.)
224 708 272 779 είς
291 728 339 772 αιν
360 701 538 789 οὐδέτερον
557 702 786 794 γιονογενέςῆ
810 708 857 780 εἰς
875 729 1000 832 ηνηε
985 711 1032 781 είς
1050 705 1134 794 ανῆ
1155 710 1202 781 είς
1223 729 1261 772 εν

153 811 244 894 ητις
270 830 303 875 ιν
332 833 353 894 η
342 803 421 882 είς
441 832 485 876 αν
500 803 563 874 οὐκ
586 812 679 875 ἔστιν
701 806 824 896 εὑρεῖν·
846 808 883 875 τὸ
911 804 976 930 γάρ
997 805 1144 898 λθώτρην
1168 805 1261 895 ιιαρά

155 907 354 998 Δημοκρίτῳ
387 909 579 998 portmauro
604 905 725 986 οὕτως
737 904 956 998 Ἡρωδιανός.
1000 911 1055 976 llio
1077 935 1152 978 vero
1174 932 1263 996 quum

156 1014 191 1077 do
211 1011 408 1077 substantivis
429 1012 570 1098 loquutus
591 1015 643 1089 sit,
666 1035 720 1098 pro
742 1010 902 1103 λθώτρην,
926 1016 1001 1101 qnod
1015 1015 1097 1099 prius
1111 1035 1165 1099 pro
1180 1005 1263 1081 tad-

153 1138 279 1202 τρητον
302 1115 414 1199 aoeepi,
436 1114 517 1179 aliud
534 1115 653 1198 anquiri
666 1129 786 1198 oportet
800 1117 970 1203 exemplum
986 1117 1137 1202 proposito
1150 1117 1259 1200 aptius.

156 1219 214 1283 Sed
236 1229 268 1282 et
288 1219 435 1302 adjectiva
461 1218 494 1281 in
524 1206 580 1299 αν,
598 1205 653 1304 ην,
675 1203 717 1284 ιί7
739 1231 770 1284 et
791 1207 848 1286 οἶ
857 1221 1031 1286 nominibus
1050 1219 1188 1284 neutrius
1210 1237 1262 1302 ge-

156 1322 238 1386 neris
258 1321 422 1406 adjungere
444 1319 654 1384 inooneessum
684 1331 892 1406 praeterquam
921 1323 953 1386 in
983 1323 1022 1386 iis
1044 1321 1184 1401 casibus,
1213 1321 1263 1404 qui

157 1424 288 1488 omnium
303 1443 636 1507 generum-communes
650 1434 734 1501 sunt,
756 1421 977 1514 λασιαύχενος
991 1419 1121 1511 ἀντροσ
1132 1423 1262 1487 Theoer.
1332 1487 1346 1518 ·

86 1522 95 1543 ⁸
155 1524 260 1611 Epigr.
284 1525 323 1589 V.
346 1529 459 1606 πεζοῖς
479 1550 517 1591 τε
540 1526 597 1592 καί
613 1522 759 1612 ’ἀπτῆσι
786 1531 882 1606 ζωοῑς
909 1527 986 1593 Plat.
1010 1527 1099 1592 Polit.
1121 1523 1197 1592 276.
1221 1526 1260 1589 A.

156 1630 209 1693 sed
236 1627 312 1712 quod
342 1627 375 1690 in
402 1627 481 1691 Adn.
515 1629 552 1692 ad
575 1629 624 1714 lj.
655 1651 685 1714 p.
713 1627 789 1695 271.
814 1631 869 1694 Ed.
895 1631 945 1694 Pr.
969 1629 1079 1715 protuli
1102 1650 1144 1693 ex
1164 1626 1262 1692 Eueni

156 1729 259 1815 Epigr.
272 1726 356 1793 Xlll.
380 1724 530 1815 ἀκτῇσιν
553 1731 695 1808 τέκεσιν,
721 1753 757 1796 ea
779 1743 826 1796 est
846 1731 987 1796 Brnnekii
1010 1731 1177 1796 emendatio
1202 1750 1264 1792 non

155 1832 312 1896 admodum
345 1834 527 1897 necessaria.
577 1826 775 1925 Τριγλώχινι
807 1831 955 1922 τριγώνῳ
983 1832 1084 1898 Νοιιιι.
1109 1832 1161 1899 Vl.
1187 1831 1261 1898 123.

155 1929 301 2022 ἀκοντίῳ
323 1927 511 2025 τριγλώχινι
533 1936 659 2022 Appian.
685 1938 754 2002 (liv.
779 1938 817 2002 ll.
841 1937 905 2015 82,
928 1935 1003 2004 821.
1028 1931 1106 2021 ἀορι
1125 1931 1266 2024 τριγλώ-

156 2061 225 2128 χινι
252 2037 369 2102 Gallim.
404 2037 472 2102 Del.
497 2039 550 2103 tt.
581 2061 748 2124 quanquam
777 2039 833 2105 hoo
858 2041 1027 2126 ambignum
1049 2039 1148 2104 reddit
1169 2039 1265 2124 Hesy·

158 2141 218 2206 olii
239 2140 339 2226 glossa
355 2134 481 2229 ’Ἀορας
505 2138 594 2228 ξίφη,
617 2139 811 2227 ἀρσενικῶς.
857 2143 914 2206 Sed
936 2143 1018 2230 βέλη
1039 2139 1083 2211 τοί
1100 2144 1266 2230 Ιιοένγλω-

156 2234 293 2334 χιναιτά,
315 2239 358 2309 τά
376 2241 413 2309 dt
432 2238 632 2334 τριγλώχινα
657 2244 741 2308 Paul.
765 2245 842 2330 Aeg.
867 2245 919 2310 Vl.
945 2268 972 2310 ο.
996 2245 1050 2311 88.
1075 2259 1106 2311 et
1125 2242 1266 2335 τριγλώ-

157 2368 236 2435 χινα
256 2336 347 2423 τόξα,
370 2344 519 2434 τρίγωνα
543 2347 624 2413 Suid.
647 2358 696 2415 nt.
710 2339 906 2436 τετράγιονα
932 2351 1015 2438 βέλη
1035 2346 1078 2419 τά
1101 2349 1266 2436 τέσσαρας

156 2452 279 2537 ἔχοντα
298 2450 464 2539 γλωχῖνας
481 2449 589 2514 Galen.
614 2449 714 2521 Gloss.
739 2474 768 2536 p.
795 2450 868 2516 578.
893 2454 928 2517 ad
951 2456 1109 2519 secundam
1133 2453 1265 2517 deelina-

158 2550 272 2613 tionem
294 2552 404 2616 referri
435 2563 570 2637 possunt.
617 2553 774 2637 Simplicis¹
797 2555 965 2639 exemplum
995 2558 1117 2642 praehet
1144 2554 1265 2619 Themi·

156 2652 234 2716 stine
257 2652 309 2716 Or.
332 2654 463 2718 XXVll.
487 2654 562 2720 332.
575 2655 625 2751 1).
649 2660 687 2721 ἰν
710 2652 838 2743 ἀφανεῖ
855 2656 962 2759 χωρίῳ
984 2655 1062 2725 oridd
1076 2656 1190 2745 ἦμέρρι
1208 2656 1266 2723 καί

156 2756 281 2841 ἔλληνι,
305 2756 355 2839 qui
376 2757 533 2844 έλληνικῷ
555 2758 689 2821 seribere
714 2768 843 2843 poterat,
866 2761 1108 2847 ut'ttuoytites
1123 2760 1188 2824 Vll.
1208 2758 1263 2835 60,

155 2858 188 2923 2.
212 2855 337 2947 χωρίον
356 2859 543 2944 έλληνικοώ,
564 2859 613 2923 vel
635 2871 669 2923 nt
692 2861 841 2945 Philippus
863 2863 955 2927 Anth.
980 2862 1120 2927 PaLVll.
1136 2884 1169 2927 n.
1185 2862 1261 2928 385.

129 3033 131 3038 ,
157 2958 333 3027 έλλαιλιιιοώ
356 2952 515 3048 δόρατος,
545 2972 577 3026 ot
600 2964 714 3047 majore
737 2964 827 3028 enam
857 2966 1037 3030 necessitate
1058 2967 1180 3031 adactus
1201 2967 1265 3031 Xe·

95 3094 98 3099 ·
156 3063 309 3149 nophaner
330 3062 452 3150 Fragm.
475 3063 577 3128 XXII.
602 3063 655 3129 75.
679 3065 779 3154 γένος
802 3059 989 3135 έλλαδικόν.

611 3237 632 3291 C
649 3240 672 3292 Α
688 3238 724 3291 Ρ.
769 3239 813 3293 ll.

367 3354 664 3425 Donominihus
690 3358 729 3421 in
751 3342 782 3447 ρ’
794 3358 1048 3424 exeuntibus.

664 3474 693 3557 ς.
720 3472 750 3540 ι.

166 3566 169 3571 ’
242 3572 327 3637 llano
347 3574 503 3659 regionem
528 3575 712 3659 ingredienti
740 3575 867 3661 primum
897 3590 1062 3644 oonurrunt
1090 3582 1211 3645 nomina
1232 3582 1266 3647 in

155 3700 212 3763 αρ,
233 3697 309 3760 quae
339 3677 387 3740 in
402 3689 515 3761 septem
547 3698 661 3761 genera
692 3678 829 3766 dispertit
849 3678 1119 3805 TheognostusT.
1143 3682 1182 3747 11.
1208 3683 1261 3749 79.

157 3778 285 3863 primum
306 3776 349 3846 τοί
370 3776 425 3845 ded
441 3780 504 3846 rori
525 3805 585 3868 εαρ
520 3768 833 3866 *diotmarus
820 3784 892 3867 εἀρ,
908 3782 999 3871 κέαρ,
1020 3783 1137 3871 φρέαρ,
1153 3784 1265 3873 στέαρ,

158 3878 271 3965 κτέαρ,
284 3878 345 3954 οἷς
369 3875 565 3950 ἀκόλουθον
589 3884 645 3949 καλ
662 3908 701 3950 το
693 3879 889 3968 ddleup,”
870 3907 1001 3973 ονειοιρ,
1023 3882 1150 3973 ἀλιιαρ·
1175 3889 1267 3951 omis-

153 3982 201 4047 sis
216 3978 318 4071 ἀλεαρ
336 3976 511 4073 (ἀλεωρή),
531 3984 624 4072 ιλέαρ,
646 3982 770 4074 ἀφειιρ,
796 3986 883 4073 εἶαρ,
900 3982 1054 4078 ἀλειφαρ.
1098 3990 1267 4055 Secundum

159 4082 305 4171 disyllaba
324 4086 547 4171 complectitur,
571 4108 647 4172 qnae
669 4090 742 4152 duas
764 4109 912 4154 oonsonas
934 4092 967 4156 in
989 4092 1120 4178 epiplone
1142 4092 1264 4171 habent,

158 4205 235 4272 quoe
255 4208 325 4255 rara
346 4210 415 4257 osse
436 4190 525 4257 dioitr
555 4192 627 4259 ἔστι
651 4190 689 4260 dt
709 4190 849 4282 τέκμαρ,
871 4195 996 4285 ἔχθαρ,
1013 4194 1147 4283 νέκταρ.
1190 4195 1266 4261 Τοι-
