2792 4725
184 324 256 393 9118
537 316 855 386 ntsstttt'ttnto
884 319 947 386 lll.

80 558 84 566 ,
186 496 382 591 Πολάνηος,
398 495 600 586 Κλυτόνηος
614 512 649 564 et
665 499 877 586 appellativum
892 488 1062 588 άαρόνηον
1078 500 1118 569 τὸ
1133 490 1195 590 cipe
1211 503 1298 581 νεάς

183 603 291 697 άαρον
308 606 393 671 Snitl.
414 602 543 688 simplex
559 614 660 666 eutem
672 614 725 667 est
741 598 839 687 νη’ϊος
854 614 889 669 ut
905 596 1022 692 γρήϊος
1037 606 1139 692 Etym.
1156 608 1199 671 Μ.
1216 606 1295 686 603,

184 712 239 781 20.
264 712 400 775 Cramer.
418 706 532 771 Anectl.
553 704 591 769 ll.
611 702 687 772 286.
711 704 736 769 l.
752 704 832 771 295.
857 708 934 771 unde
956 720 1053 775 νεῖον
1072 706 1111 775 τά
1131 709 1193 795 τῆς
1213 706 1297 797 νηὸς

184 808 435 902 compescendis
453 802 562 886 ξύλον
588 805 809 884 ΙΙ.121,18.
840 809 1031 895 ejusdemque
1058 812 1172 876 voculis
1199 812 1296 893 inter·

182 930 279 985 ventu
302 916 459 1001 linguntur
481 910 668 975 substantiva
692 909 872 991 ιλιααναΐα,
897 918 1100 989 mecoenate,
1130 924 1165 977 ut
1187 935 1207 978 e
1227 939 1295 981 sco-

146 1050 149 1055 ’
183 1013 308 1093 λάλαος
330 1016 516 1093 mucleto,
548 1008 716 1098 quanquam
738 1014 887 1101 adjective
912 1015 986 1081 hnec
1012 1036 1073 1080 non
1100 1017 1295 1101 reperiuntur

183 1148 220 1191 ιο
240 1126 370 1187 fomsse
391 1138 430 1182 ne
451 1126 622 1202 praesumta
643 1116 761 1201 quidem
783 1126 866 1190 snut,
889 1118 1002 1182 duobus
1022 1118 1192 1183 nominihus
1213 1118 1295 1186 δέκα

184 1227 282 1315 νῆες,
303 1217 410 1295 moitis
431 1214 528 1298 λαός,
548 1218 581 1281 in
603 1236 695 1283 enum
718 1218 955 1285 coalescentibus
977 1231 1011 1285 ut
1030 1218 1222 1308 νουμηνία,
1246 1226 1295 1288 ls-

185 1323 352 1420 ρομηνία,
372 1319 603 1409 αιτραιαμέα,
625 1318 895 1411 ιιινιιιλραχμιά,
912 1326 1125 1409 ηοαιαηινοιιλι.
1162 1324 1215 1389 llis
1236 1346 1294 1389 ex·

185 1432 290 1519 positis
311 1430 369 1493 dno
389 1426 428 1489 el
448 1424 671 1488 heliheeentlum
692 1434 809 1487 restant
830 1422 972 1511 Aeschyli
994 1426 1139 1493 vocehuls
1160 1426 1292 1491 menime

184 1521 386 1624 αὶοχνληρά,
422 1526 538 1600 ἑλένας
566 1536 599 1589 et
627 1519 748 1600 άνανς.
796 1526 855 1591 Pro
882 1526 936 1591 illo
964 1527 1125 1613 Elmslejus
1154 1527 1293 1603 έλένανς

182 1637 274 1704 scrihi
291 1636 396 1720 jnhet,
426 1630 504 1714 quot
524 1629 653 1714 primum
675 1628 880 1693 necesses-inm
905 1650 967 1694 nen
992 1640 1056 1707 est,
1087 1630 1155 1713 quie
1177 1630 1292 1705 έλένας

182 1753 215 1806 et
234 1760 255 1803 a
274 1735 378 1801 donico
396 1733 478 1812 νάς,
500 1734 585 1818 cnjus
606 1731 742 1815 obliquos
764 1731 884 1816 Tneffl‘ci
905 1742 1069 1817 usurpent,
1095 1733 1291 1817 compositum

133 1852 146 1875 ²
182 1856 277 1908 etex
298 1837 433 1910 έλέναος
453 1846 641 1900 contractum
662 1834 758 1898 videri
779 1844 878 1918 potest
904 1844 938 1899 nt
959 1831 1117 1924 άρχέλας,
1138 1830 1292 1921 Στρατό-

180 1948 258 2024 λας,
278 1937 475 2029 Ἀγησίλας·
509 1938 586 2022 quot
607 1937 634 2001 si
655 1954 744 2001 secus
766 1946 866 2012 esset,
899 1947 1001 2001 tumen
1022 1938 1167 2022 ejusmodi
1190 1938 1289 2002 lusum

181 2043 414 2135 etymologicum
444 2041 482 2105 eol
512 2038 754 2125 perpendiculum
785 2038 851 2122 quis
885 2038 1011 2124 exiget?
1055 2040 1169 2105 Deinde
1200 2050 1289 2105 vetus

181 2151 329 2236 scriptura
341 2142 470 2211 ’έλέναν
491 2142 547 2205 hoc
562 2140 784 2227 praestabilior,
809 2163 867 2226 quo
888 2142 924 2205 etl
946 2162 1053 2205 sonum
1072 2142 1183 2227 proprii
1199 2138 1305 2210 ‘Ele'v

179 2274 248 2321 ναν
273 2248 389 2313 accedit
415 2245 550 2335 propius·
592 2238 730 2328 Ἑλινᾷς
757 2252 876 2319 numm,
905 2244 935 2307 iol
963 2254 1010 2307 est
1035 2245 1180 2324 eteocle,
1211 2244 1289 2329 quod

182 2350 429 2420 Schneidewinns
455 2348 492 2412 eol
513 2346 595 2434 lbyc.
619 2369 649 2432 p.
675 2344 749 2410 tto.
777 2367 858 2432 prae
882 2345 1030 2411 uocabulo
1055 2345 1150 2412 nihili
1173 2346 1289 2422 ἑλένας
1352 2409 1355 2416 .

179 2455 383 2533 commendet,
410 2450 628 2517 Gmmmeticee
649 2451 828 2514 adversetur
849 2450 1081 2526 elementariae,
1108 2470 1183 2534 quse
1205 2452 1288 2536 Νηι

179 2560 257 2652 ρῇς,
278 2553 367 2645 cippis
387 2565 419 2619 et
439 2553 580 2618 similiter
600 2552 670 2617 ficte
690 2551 808 2636 releget
829 2551 916 2616 nltm
937 2550 1151 2616 Sauroneatee.
1193 2552 1287 2640 Nym·

177 2663 284 2750 phem,
302 2702 306 2706 Α
322 2679 398 2743 qnae
425 2677 444 2719 ι
470 2653 631 2720 Parthenio
661 2675 689 2717 c.
717 2653 772 2720 29.
801 2647 951 2743 Ἐηιναΐς
978 2664 1124 2729 vocetur,
1163 2654 1287 2719 brevius

50 2799 61 2824 ι
176 2763 293 2854 Ἑχὲνη
310 2761 367 2825 dici
383 2779 483 2845 posse,
503 2755 676 2820 Buttmanni
687 2751 793 2840 'opinio
810 2757 868 2820 fnit
884 2757 917 2822 in
932 2754 1141 2820 Friedemcnni
1154 2755 1284 2820 hliscell.

178 2867 218 2932 ll.
242 2864 274 2930 1.
297 2886 328 2950 p.
351 2862 405 2926 41.
429 2860 516 2944 idque
539 2878 649 2923 nomen
670 2857 831 2923 Theocrito
852 2860 970 2945 effingit
990 2857 1056 2923 Vll.
1081 2855 1134 2921 73.
1165 2868 1286 2928 etcum

175 2967 312 3053 Ἑλένη,
335 2957 483 3047 Κατάνη
507 2971 669 3046 comperet.
715 2959 829 3026 Verum
856 2962 936 3026 enim
963 2981 1037 3026 vero
1057 2955 1173 3048 Ἑλένη
1199 2961 1285 3026 teni·

178 3073 250 3140 nine
278 3079 326 3134 est
348 3064 457 3152 positio
482 3063 546 3129 soti
560 3059 717 3145 Ἕλενος,
747 3075 781 3128 ut
801 3056 955 3142 Δαναός,
983 3058 1118 3149 Δανάη,
1149 3057 1285 3144 άλινος,

177 3173 301 3259 άλένη,
323 3171 442 3257 ἔβενος
447 3215 459 3246 ,
479 3165 592 3254 ἐβένη,
615 3187 712 3250 neque
730 3165 838 3230 Cutina
858 3166 895 3230 eh
914 3187 951 3230 eo
972 3165 1062 3244 dicte,
1086 3166 1162 3249 quel
1182 3165 1285 3229 condi·

178 3289 226 3342 tor
251 3275 335 3361 ejus,
366 3281 401 3335 nt
422 3269 588 3355 Stephanus
612 3268 672 3345 eit,
703 3265 789 3335 αασά
813 3267 882 3335 νάν
904 3270 1025 3334 venerit
1032 3313 1055 3344 ,,
1076 3268 1129 3332 sed
1155 3267 1285 3352 simplex

176 3389 278 3446 estut
299 3371 319 3442 ὅ
338 3367 486 3447 ιιάαανος
506 3376 629 3437 catonus
649 3370 701 3436 vel
721 3367 745 3456 η’
763 3362 894 3457 αααάνη
915 3372 1071 3456 scalprum
1078 3415 1089 3446 ,
1113 3389 1169 3432 nec
1190 3389 1285 3453 peuce

176 3482 281 3568 oppida
305 3479 341 3542 ah
362 3475 572 3541 instrumentis
596 3473 786 3537 denominata
812 3483 883 3538 sunt
906 3473 1094 3537 domesticiss
1124 3464 1285 3556 ’Ἀρνοτις

174 3575 323 3671 πρόχους
353 3579 410 3646 καλ
435 3574 533 3652 πόλις
558 3572 687 3644 Ἰάνων
714 3575 825 3650 Athen.
849 3573 906 3640 Xl.
935 3572 1010 3639 784.
1032 3577 1071 3638 A.
1101 3573 1144 3660 (p.
1170 3572 1282 3657 1⁰41.)

174 3681 330 3773 Ζάγκλη,
351 3676 508 3766 Κοτάλη,
530 3678 752 3768 Μαχαιροῦς,
781 3669 939 3767 Τράνιιζα
960 3687 1020 3745 etc.
1064 3674 1109 3740 lle
1130 3675 1283 3740 Theocriti

175 3807 268 3853 versu
290 3779 365 3871 ᾆσαι
385 3779 419 3848 δ’
439 3779 484 3857 οἷς
504 3804 594 3848 ποκα
615 3779 676 3856 σάς
697 3779 810 3858 ξινέας
830 3776 1002 3867 ἠράσσατο
1022 3769 1154 3864 Δάφνις
1176 3773 1283 3866 ὀβολ-

174 3914 252 3972 τας,
273 3889 463 3953 hicemannus
484 3885 516 3949 in
539 3885 647 3969 Opusc.
670 3883 708 3947 Τ.
727 3882 766 3947 V.
790 3880 844 3946 81.
867 3882 911 3946 ite
927 3875 1066 3968 judicat,'
1085 3881 1189 3946 irritos
1212 3901 1281 3946 esse

113 4029 119 4041 -
175 4013 279 4058 omnes
294 3989 423 4055 nominis
435 3987 547 4075 proprii
559 3985 738 4052 restituendi
754 3996 878 4050 conatus
894 4006 929 4048 ee
943 3986 1042 4078 potius
1057 3983 1119 4060 σάς
1134 3981 1243 4064 ξείνας
1251 3981 1283 4068 ⁹)

242 4224 272 4293 1)
288 4223 316 4278 ln
333 4221 371 4277 ltl.
387 4219 419 4274 ll.
436 4221 496 4276 115.
516 4213 537 4274 oi'
551 4240 581 4278 σι
600 4215 729 4277 omncs
744 4215 839 4292 poleno
856 4213 949 4288 τάσγε
965 4209 1226 4288 έμάσοάλητρέδοι,
1243 4213 1281 4267 in·
