2792 4725
196 364 200 371 J
308 282 368 350 nu
394 279 562 349 nourr.
591 277 762 348 nouos.
794 277 830 346 c.
854 277 900 345 11.
929 280 958 366 p.
981 277 1014 346 1.
1155 279 1225 349 eno

119 465 208 541 bras,
237 480 325 549 pom
347 480 390 526 ex
409 459 505 526 loturi
531 455 684 547 (σσρίξω)
711 458 912 524 declinatione
938 457 1114 544 anticipatos
1139 479 1222 524 esso.

117 566 168 630 ldst
188 564 266 630 enirn
287 564 410 628 tertium
433 585 548 648 genus,
574 563 651 647 quod
673 574 706 627 ct
725 563 861 629 vocalem
884 572 916 626 et
936 573 1151 627 consonantem
1171 563 1223 626 od·

117 669 238 733 diliciam
268 667 376 732 habeto
422 657 552 732 ouoiblor
584 661 735 746 σπάλαξ,
777 659 849 732 ἄνω
880 658 967 740 ἅναξ
998 663 1045 746 (ut
1073 685 1091 728 a
1121 664 1222 730 verbis

117 770 287 856 synonymis
315 763 470 856 κράστωρ
499 779 532 833 et
557 765 714 854 τελεστής
742 767 772 832 id
801 777 848 832 est
876 761 989 857 άρχωσ
1018 765 1051 830 iu
1079 765 1219 852 Inscript.

116 872 182 937 ldlca
200 871 257 935 Xl.
281 893 312 956 p.
331 869 387 938 26.
412 871 504 956 Corp.
524 869 620 936 lusor.
641 871 711 937 Vol.
733 869 794 952 1.),
824 867 928 956 σαίρω
953 866 1093 958 σήραγξ,
1123 863 1219 957 φάρω

114 967 236 1062 φάραγξ
255 972 398 1058 (vorago)
419 983 451 1038 et
471 965 601 1061 φάρυγξ
620 975 670 1054 (ut
688 968 836 1062 άλάλσγξ
855 983 887 1038 et
904 969 1077 1060 άλάλσγξ),
1100 963 1220 1058 πήσσω

112 1069 238 1154 πάσσαξ
252 1067 443 1163 (πάσσαλος
457 1076 623 1160 pessulus),
643 1069 753 1143 σάλλω
771 1069 886 1156 collat,
904 1069 1044 1163 otp'oop
1059 1071 1221 1163 πλάστιγξ

113 1177 210 1243 Galen.
233 1177 334 1242 Gloss.
359 1200 388 1264 p.
409 1176 483 1243 546.
521 1179 604 1244 llaec
625 1190 726 1244 autern
749 1179 775 1243 si
797 1200 815 1243 a
837 1178 938 1244 verbis
959 1178 1136 1263 repetimus,
1159 1179 1236 1242 uti?

110 1302 162 1364 que
183 1282 277 1345 verba
299 1282 429 1368 intelligi
451 1281 591 1346 volumus
614 1303 675 1346 nou
697 1281 835 1346 omnibus
857 1280 921 1344 suis
938 1280 1070 1365 partibus
1087 1280 1221 1365 perfecta

110 1393 138 1446 et
155 1383 293 1447 absoluta
315 1383 368 1448 sed
389 1385 500 1469 stirpes
529 1393 562 1448 et
582 1384 667 1468 quasi
688 1384 805 1448 semina
826 1384 1001 1448 verborum.
1042 1381 1083 1448 Ut
1103 1371 1220 1448 eertum

112 1485 242 1569 quiddam
265 1487 396 1571 exempli
419 1507 509 1552 causa
529 1507 656 1571 ponam,
685 1478 771 1574 βλάξ
793 1495 825 1550 et
845 1485 985 1570 deinceps
1006 1477 1160 1573 μαλακάς
1182 1506 1219 1550 ao

107 1583 265 1672 μσλάσσω
294 1600 394 1654 ortum
421 1609 490 1654 esse
518 1588 585 1654 dico
612 1591 648 1653 ab
671 1599 774 1675 etymo
798 1574 888 1675 publ,
919 1589 996 1674 quod
1024 1608 1065 1652 ex
1080 1583 1217 1674 ’μωλάφ

107 1689 217 1779 mollis,
249 1692 366 1768 malva,
394 1688 551 1781 μαλάχη,
577 1682 724 1781 μολόχη,
752 1691 893 1776 pellucet.
938 1689 1002 1754 Hoc
1024 1699 1124 1754 autern
1145 1675 1219 1777 γ’ἷᾶἶ

108 1813 189 1875 quum
211 1794 327 1858 abore
346 1795 520 1859 etauribus
539 1793 723 1858 Graecorum
744 1793 933 1874 abhorreret,
956 1813 1117 1877 quumque,
1140 1791 1218 1877 quod
1268 1810 1273 1816 ·
1337 1817 1339 1820 ·

108 1894 276 1976 proximum
298 1907 383 1972 erat,
404 1889 511 1983 μάλς,
534 1896 736 1982 displicuisset
756 1897 793 1960 ob
815 1894 1057 1960 terminationem
1079 1915 1139 1958 uno
1162 1915 1218 1960 ex·

108 1997 196 2080 emplo
218 1993 284 2070 άλς
306 2020 411 2082 parum
432 2009 621 2075 excusatam,
645 2020 738 2062 uuum
759 2007 918 2082 supererat
937 1987 1061 2082 μάλαξ,
1085 1997 1138 2060 sed
1160 1995 1217 2062 hoo

12 2152 16 2162 .
107 2118 232 2182 quoque,
246 2100 338 2164 cessit
364 2102 512 2165 incertum
541 2122 597 2186 qua
625 2101 661 2164 de
684 2121 775 2164 causa
795 2099 929 2165 breviori
950 2091 1054 2187 βλάξ·
1089 2119 1216 2183 namquo

108 2194 188 2284 μάλξ
208 2223 274 2266 nou
296 2203 391 2288 magis
413 2205 578 2288 probarunt
599 2225 686 2288 quam
708 2197 779 2279 άλξ.
812 2203 948 2288 Denique
969 2201 1147 2288 synaeresin
1167 2221 1216 2266 se·

106 2313 188 2385 quota
214 2307 267 2369 est
293 2306 448 2390 productio
471 2305 587 2370 vocalis
610 2303 698 2390 alpha
726 2316 835 2371 natura
855 2304 977 2383 brevis,
1007 2302 1097 2369 sicuti
1123 2301 1213 2391 πέρω

105 2402 253 2491 πράσσω,
276 2408 366 2475 nicos
388 2400 544 2494 πτήσσω,
566 2408 669 2475 cetto
693 2401 844 2496 σκληράς,
865 2402 966 2475 θάνω
989 2394 1133 2494 θνῆσις,
1153 2400 1216 2475 do'·

104 2532 200 2593 μασις
222 2509 361 2596 δμσγσις,
385 2504 541 2599 δαματήρ
563 2507 707 2601 δμσγτήρ.
740 2512 844 2596 Neque
866 2532 1010 2595 negamus
1030 2511 1095 2574 lieri
1113 2532 1214 2597 posse,

105 2621 135 2673 ut
156 2613 303 2676 nonnulla
328 2611 449 2678 illorum
476 2615 648 2691 nominum,
678 2636 753 2699 quae
775 2613 947 2680 verbalibus
971 2614 1213 2693 monueramus,

105 2733 121 2775 a
139 2716 308 2779 nominibus
330 2727 430 2780 ortum
452 2716 581 2780 babeant
602 2717 689 2781 bodio
711 2716 849 2792 amissis,
872 2707 1079 2803 utriculensi,
1103 2710 1214 2795 δόναξ.

105 2814 269 2903 Eademque
292 2819 435 2883 dubitatio
458 2821 494 2883 de
515 2811 654 2910 χάσκαξ,
676 2810 947 2915 τράφαξγβάαξ,
969 2816 1104 2884 illincine
1126 2821 1214 2885 ducta
1312 2904 1314 2908 ι

105 2919 178 2998 siut,
208 2933 246 2985 ut
271 2920 364 2984 latina
385 2943 502 2998 vorax,
525 2944 648 2997 ‘verax,
677 2922 775 2998 edax,
804 2940 913 2997 emax,
943 2940 983 2984 au
1005 2942 1023 2984 a
1045 2921 1214 3013 nominibus
1292 2930 1294 2933 '

107 3024 177 3086 unde
198 3023 329 3109 plurima
350 3024 440 3101 talia,
470 3044 489 3087 a
511 3024 664 3088 tritoclitis
684 3023 756 3111 μῦς
776 3019 885 3110 podet,
906 3021 986 3113 dode
1008 3015 1126 3110 δράαξ,
1153 3025 1215 3100 σάς

108 3116 183 3201 odo}
203 3126 298 3210 piscis
321 3126 370 3207 (ut
391 3118 529 3209 σάσισα)
551 3149 582 3191 v.
608 3126 704 3211 lutpp.
729 3127 766 3190 ad
787 3125 918 3212 Hesyoh.
943 3146 970 3189 s.
993 3118 1154 3214 Σάβακσ,
1176 3130 1213 3192 ab

106 3226 167 3291 alis
181 3228 443 3320 terminationibus
458 3232 567 3317 ἔργσξ,
584 3221 728 3317 φαάσιγξ
746 3225 932 3315 (poculis),
949 3220 1072 3317 φάτιγξ
1085 3222 1214 3319 (αὐγή).

107 3327 316 3413 Aprotoolitis
338 3322 495 3419 πλάτιγξ,
524 3328 688 3419 στάρθσξ,
716 3330 844 3422 oppiduli,
866 3323 1015 3418 πάρσταξ,
1044 3324 1214 3423 σ’ψάλλος

108 3426 231 3518 dodilo&
248 3430 378 3521 (pulex),
398 3455 417 3497 a
436 3428 543 3520 φάλος
561 3436 674 3519 (palus)
690 3427 802 3522 φάλαξ
818 3434 884 3499 sive
901 3426 1030 3522 φάλαγξ
1049 3433 1213 3519 (palanga),

108 3534 267 3621 σπτέρστ
288 3534 428 3622 πτέφσξ,
457 3534 617 3625 σφήφος
638 3535 765 3625 opple,
794 3529 932 3625 φήφαξ,
960 3529 1106 3626 ψήφιγξ,
1135 3539 1212 3622 quod

108 3631 202 3722 Etym.
223 3638 269 3703 M.
294 3660 362 3703 cum
382 3636 477 3727 λάϊγξ
498 3641 670 3735 contendit,
693 3661 713 3745 a
733 3632 850 3730 κάχλσς
870 3631 988 3731 κάχλσξ
1001 3646 1050 3727 ⁷),
1077 3642 1154 3729 quod
1174 3644 1211 3707 ab

108 3838 310 3857 ξι...-

170 3997 198 4065 7)
224 3999 316 4053 Corois
338 4003 371 4053 ad
390 4001 492 4055 lleliod.
510 4018 537 4071 p.
555 4004 582 4057 3.
607 4003 674 4056 idom
696 4020 754 4057 esso
777 4011 853 4073 putat
875 4004 943 4073 quod
962 3993 1080 4072 τάχληξ,
1101 3993 1210 4073 κάγλιξ.
1288 4012 1290 4017 ’

107 4078 244 4153 Utriusque
269 4090 340 4155 origo
366 4089 479 4143 tormen
506 4090 617 4143 leticum
645 4092 705 4143 calx
732 4090 889 4160 (cuculus),
925 4092 994 4145 undo
1022 4094 1211 4162 reduplicatum

105 4164 206 4235 κάγλιξ.
