2792 4725
290 307 348 374 ott
376 307 538 380 NOMIN.
568 307 740 377 MONOS.
771 307 807 374 C.
833 307 857 374 l.
888 311 917 394 §.
943 309 973 374 t.
1140 311 1183 378 71

105 489 132 552 in
148 478 288 571 ¹singulari
312 510 439 554 numero
467 509 529 554 non
556 489 768 573 reperiuntur3
808 488 869 554 alin
896 487 1073 574 graecaoioo
1100 509 1184 556 more

104 590 199 656 iullexa
219 602 288 659 suot
306 583 495 678 Μαάρβαα,
517 583 700 680 Ἀτάρβας,
720 585 939 692 Ἀσδρούβα-ς.
972 590 1073 676 ltaque
1095 593 1183 658 semi·

104 693 231 759 vocalium
248 707 310 762 tres
325 694 549 780 relinquuntur,
572 715 694 778 puerum
713 695 809 792 prima
825 705 872 758 est
888 718 921 762 ν.
944 694 1090 760 Arcadius
1107 691 1183 772 121,

104 793 147 861 21.
172 795 240 864 πᾶν
259 791 371 883 ὄνομα
391 793 656 884 μονοσύλλαβον
679 800 728 870 alo
747 819 770 862 ν
797 796 901 884 λῆγον
924 791 1101 883 α’ρσονινὸν
1127 795 1186 866 ναὶ
1264 869 1268 878 ,

102 896 235 982 θηλυκὸν
255 892 422 979 ὀξύνεται,
445 893 531 968 Πάν
552 896 571 967 6
591 897 735 986 δαίμων,
756 892 821 970 Ἀν
842 894 969 988 νόριον,
990 891 1078 986 Ζήν,
1098 893 1183 986 μνήν,

102 991 166 1087 χήν,
191 1003 286 1090 χωρὶς
307 1002 370 1070 νοῦ
392 1001 493 1082 odo,
524 1003 655 1075 Θῶνος.
699 1002 757 1066 Pro
784 1002 917 1066 inaudito
940 995 1023 1096 ζἈν,
1053 1004 1130 1087 quod
1151 1003 1184 1068 in

102 1102 178 1187 legg.
198 1105 281 1174 Pros.
305 1127 336 1190 p.
359 1103 434 1171 tto.
459 1125 492 1168 n.
517 1103 591 1172 127.
620 1103 789 1181 omittitur,
820 1125 917 1188 neque
945 1105 1041 1170 codex
1068 1105 1183 1183 Herm,

101 1225 180 1288 ncpue
198 1206 358 1286 memoria,
381 1206 461 1299 quod
474 1207 582 1299 joret,
604 1207 788 1296 suppeditat,
812 1207 871 1272 nisi
892 1207 970 1272 forto
991 1206 1182 1294 peregrinum

101 1303 170 1384 oto,
189 1329 206 1375 a
226 1331 284 1392 quo
306 1309 440 1394 regionis
461 1309 593 1374 Asianae
614 1328 724 1377 nomeu
745 1330 777 1374 v.
798 1308 929 1395 Hesych.
953 1330 980 1374 s.
1004 1309 1036 1374 h.
1058 1331 1091 1376 v.
1123 1308 1184 1374 No-

17 1444 18 1451 .
101 1408 165 1472 nina
182 1408 264 1476 lovis
285 1407 378 1491 Δάν,
400 1431 458 1495 quo
480 1410 667 1495 Pherecydes
688 1431 761 1478 usus
783 1422 847 1487 ost,
871 1422 903 1476 et
922 1407 1013 1492 Ζάν,
1035 1432 1092 1497 quo
1113 1410 1183 1476 Alc·

99 1532 154 1574 nen
178 1512 208 1576 in
232 1514 348 1583 Aneod.
374 1513 498 1578 Bnrocc.
524 1512 622 1579 Musei
648 1512 757 1578 Pltilol.
782 1513 925 1578 tantam.
949 1513 1018 1578 Vol.
1042 1512 1080 1576 ll.
1104 1511 1179 1577 413.

17 1620 18 1689 l
99 1615 202 1695 perinde
226 1627 260 1683 ut
287 1615 422 1684 doricum
448 1610 514 1687 σάν
538 1614 676 1680 consulto
702 1615 904 1699 praetermisit
924 1615 1088 1692 Arcadius,
1118 1615 1183 1680 sola

98 1727 229 1784 semotus
250 1709 296 1786 eoi
320 1714 644 1804 νοινολοναούμενα,
674 1713 859 1803 quoniam'ri
882 1713 1102 1805 γραμματική
1127 1716 1184 1784 ἐπὶ

98 1812 174 1907 μόνῃ
192 1819 233 1909 τῇ
253 1818 354 1910 κοινῇ
373 1817 532 1910 διαλέκτῳ
550 1817 590 1888 τὸ
607 1814 730 1905 κραίνοι·
747 1821 813 1908 ἔχει
833 1818 890 1886 ναὶ
907 1814 953 1886 δι’
970 1815 1080 1908 αὐτήν
1099 1841 1183 1886 σαν-

99 1917 210 2007 eocc'dp
231 1921 334 1989 Schol.
354 1921 439 1988 Piud.
458 1922 506 1991 01.
525 1921 577 1986 lll.
599 1920 673 1986 181.
707 1919 793 1986 Urbis
813 1921 949 1986 Creticae
971 1942 1081 1986 nomen
1098 1921 1184 1990 Ποῐν

98 2023 219 2087 sentitur
244 2025 278 2088 in
307 2023 442 2112 Scylecls
467 2023 578 2109 Peripl.
604 2047 632 2089 c.
655 2021 715 2100 18,
737 2021 813 2090 265.
844 2022 903 2088 nisi
929 2023 957 2090 is
979 2023 1068 2088 Gellii
1097 2036 1185 2088 error

99 2135 137 2188 ost
153 2146 171 2191 a
188 2115 349 2218 pediseque
370 2125 532 2192 Clousenio
553 2127 697 2204 iteratus,
726 2125 805 2216 sicut
824 2124 903 2194 Ζᾶν
925 2126 1036 2193 editum
1056 2125 1089 2191 in
1111 2126 1184 2190 Por-

98 2225 169 2311 plyr.
184 2228 220 2292 V.
239 2229 273 2292 P.
290 2228 390 2292 XVll.
410 2250 440 2313 p.
459 2228 511 2294 17.
535 2228 572 2296 Ζν
591 2226 616 2314 ἦ
636 2223 784 2315 δύναμις
804 2229 883 2292 Lex.
903 2229 939 2292 de
959 2229 1037 2313 Spir.
1056 2251 1085 2314 p.
1104 2225 1180 2294 226.

98 2330 177 2413 νοῶν
196 2330 297 2396 S'olrol.
318 2330 429 2396 Aesch.
452 2331 538 2396 Pers.
563 2330 637 2397 132.
661 2332 723 2419 σῆς
744 2330 844 2395 Schol.
865 2331 986 2399 Hesiod.
1008 2331 1080 2417 Opp.
1104 2328 1180 2396 428.

99 2442 124 2493 et
136 2432 257 2519 llesych.
282 2433 379 2517 Γνῆς
397 2435 473 2517 apud
490 2434 683 2518 Stephanum,
709 2434 809 2503 Θεῦθ
830 2445 899 2499 ante
916 2434 1086 2499 Bckkcrum
1104 2433 1180 2499 Plat.

99 2531 193 2615 Plilelt.
209 2557 239 2620 p.
256 2533 313 2599 18.
329 2529 364 2598 Β.
386 2532 410 2622 ἦ
427 2537 515 2611 κλεῖς
529 2536 631 2601 Schol.
648 2537 785 2601 llaveuo.
804 2537 841 2601 od
855 2538 949 2601 Arist.
965 2536 1085 2601 Thesm.
1105 2535 1180 2601 423.

98 2633 194 2720 daque
214 2638 396 2723 hujusmodi.
431 2638 563 2713 Holmoe
583 2637 617 2703 in
636 2638 772 2703 Marcelli
794 2639 856 2703 Sid.
880 2638 933 2709 Fr.
957 2638 981 2703 l.
1005 2661 1037 2702 v.
1063 2636 1115 2703 11.
1141 2658 1182 2702 ex

97 2736 229 2821 placidos
249 2738 415 2829 (γλάνιος)
437 2741 589 2808 concisum
609 2750 732 2824 putent,
756 2751 790 2805 ut
810 2733 910 2827 λόφος
930 2761 962 2805 v.
984 2741 1036 2805 12.
1061 2762 1102 2804 ex
1122 2740 1182 2805 λο-

99 2836 191 2921 φίδες,
215 2861 269 2926 pro
292 2864 351 2927 quo
372 2843 571 2918 Schneiderus
593 2843 626 2909 in
646 2842 725 2907 lex.
750 2841 805 2907 Gr.
829 2844 946 2917 ἔλοπος
967 2843 1103 2927 corrigit.
1145 2840 1179 2907 lu

99 2927 145 3008 εῖν
154 2944 228 3010 nulla
244 2966 310 3010 vox
328 2946 527 3024 termineturp
550 2946 603 3009 sed
622 2945 854 3031 Syracusanum
865 2967 931 3009 esse
949 2945 1058 3011 dicitur
1076 2941 1094 3012 o‘
1110 2942 1182 3017 δεῖν

37 3057 40 3067 ’
99 3042 283 3127 prociderunt
305 3048 443 3131 Apellen.
463 3049 500 3111 de
515 3048 606 3114 Pron.
627 3069 656 3130 p.
672 3046 749 3111 335.
766 3048 802 3114 G.
824 3050 867 3131 (p.
887 3046 956 3131 76.)
991 3030 1083 3131 Ιιιῇν
1102 3068 1181 3111 com·

99 3145 194 3227 pluria,
216 3171 292 3233 quae
315 3160 494 3216 enumerant
514 3150 700 3214 Herodianus
721 3175 759 3217 rc.
783 3154 875 3220 Μον.
897 3173 927 3236 p.
952 3148 1004 3214 15.
1019 3152 1049 3229 ²)
1085 3147 1183 3213 Choe-

18 3324 22 3331 .
99 3249 196 3314 rolosc.
212 3251 328 3317 Anecd.
350 3274 381 3337 p.
403 3250 499 3317 ΗΜ.
523 3252 656 3321 Philemo
677 3252 755 3317 Lex.
781 3254 810 3336 §-
829 3250 905 3319 266.
928 3272 958 3337 p.
979 3249 1053 3314 187.
1077 3250 1180 3336 Etym.

101 3348 132 3414 ll·
144 3350 280 3438 799242·
305 3352 396 3440 Ζήν»
413 3352 499 3441 1161»
521 3346 598 3444 81²¹)
620 3349 742 3439 ‘Wllll's
763 3347 866 3441 07716
884 3348 958 3443 pojo,
975 3349 1062 3439 11116
1082 3347 1183 3440 617111

100 3454 197 3532 quode
216 3468 385 3521 ceterorum
407 3469 439 3522 et
459 3478 571 3543 genere
593 3469 624 3520 et
642 3455 841 3521 declinatione
864 3457 1032 3543 discrepare
1055 3458 1162 3520 docent
1169 3474 1197 3532 5*

101 3572 156 3617 uam
172 3557 222 3622 illa
240 3560 415 3625 omninaut
435 3559 600 3624 masculina
622 3579 690 3625 esse
711 3569 764 3625 ant
785 3560 972 3636 eommunia,
1000 3550 1085 3647 plp'r
1106 3579 1182 3622 vero

104 3720 293 3753 Μ
346 3751 347 3754 ¹

154 3842 180 3910 2)
200 3845 297 3899 Versus
312 3846 529 3915 Naupactiornm‚
554 3863 617 3915 quos
629 3848 677 3897 ‘hic
694 3848 784 3911 affert,
810 3843 874 3903 ἀλλ’
893 3846 909 3903 o‘
926 3846 979 3915 μὲν
999 3840 1046 3901 οὖν
1066 3842 1183 3911 {miracul

101 3919 220 4002 tallone
236 3928 399 4002 εὐρυπόροιο
415 3936 488 3988 olm
504 3931 663 3988 ναιετάασκε
680 3931 832 4006 πολύῥρην,
850 3931 1055 4004 παυλαβοώτης,
1073 3932 1110 3983 sio
1126 3948 1181 3983 ocr-

102 4011 141 4075 ¹111
156 4027 248 4083 oportet
264 4014 321 4073 ἄλλ’
339 4015 356 4073 ὅ
371 4020 425 4093 μὲν
441 4017 492 4073 οὖν
509 4015 653 4095 duduco&
670 4050 705 4059 -
722 4020 750 4073 lu
768 4024 934 4089 sequentibus
952 4038 976 4089 p.
994 4018 1035 4085 17,
1050 4022 1075 4071 l.
1095 4012 1185 4086 πηρὴν

102 4092 292 4160 ud'traotov
306 4102 400 4175 πατήρ
416 4099 487 4171 οἶός,
505 4106 668 4157 scribendum
686 4103 793 4177 Πειρὴν
803 4135 838 4147 -
849 4104 939 4177 πατήρ
955 4104 1034 4162 Ἰοῦς·
1055 4102 1118 4171 [Hoc
1138 4118 1182 4153 an·
1220 4162 1224 4174 1

108 4181 206 4250 ticipavit
220 4190 365 4245 llindorfios
383 4193 416 4244 od
434 4192 535 4244 llesiod.
556 4190 600 4244 llr.
621 4191 702 4261 XCl]
809 4258 813 4269 Ι
