2792 4725
142 299 195 366 ou
208 295 347 366 ιιοιιιιι.
361 294 517 363 aornar.
532 293 584 363 nr
597 284 727 363 sunsr.
744 282 988 366 aan'auutu.
1007 301 1037 386 ι.
1053 298 1106 369 12.
1135 288 1214 371 aaut

94 477 142 544 his
161 462 290 544 aimilem
308 448 438 565 speeiem
457 486 579 563 gerunt,
601 496 637 541 re
655 476 809 556 differunt,
829 492 901 544 nam
921 490 976 545 adt
993 464 1091 546 lorum
1109 480 1205 567 signi·

94 581 187 645 fleant
204 592 239 645 ιιι
252 576 450 671 οἷπότροχος,
465 577 682 666 περίδρομος,
697 571 906 667 ὖπόδρομος,
922 587 1084 670 ἔφορμος,
1098 579 1206 677 ripor-

93 706 180 771 μοι,
210 695 263 749 aut
286 686 481 750 substantiam
508 693 542 747 ut
566 682 593 746 si
617 682 787 759 funiculus,
820 686 870 767 qui
895 686 1032 751 alieunde
1058 688 1206 771 dependet

95 795 149 849 aut
177 806 235 870 quo
264 786 452 863 decurritur,
482 781 715 871 ιιατοέιιρομος,
747 787 935 853 οιιιιιιιοιιιιιο
964 788 1090 865 ιιιοιιιιι,
1126 788 1204 855 aliua

97 888 266 974 epidromus
290 899 349 954 ete.
396 889 580 973 Omninoque
605 886 792 953 substantiva
816 889 849 953 in
872 876 913 964 o}
934 890 1096 968 exeuntia,
1127 907 1204 977 qnae

95 991 238 1057 averiis
266 991 425 1077 primitivis
452 992 541 1056 dueta
566 990 716 1055 actionem
742 989 932 1075 significent,
968 1012 1091 1077 perrara
1118 1002 1209 1071 ιιιιιι,’

17 1086 24 1104 “
95 1084 299 1181 μετάμελος,
321 1088 539 1170 οἶναιέλοιδος,
561 1086 750 1171 decimatur,
771 1106 938 1177 quenquam
959 1093 1016 1161 οου
1036 1094 1133 1180 ipsum
1154 1095 1207 1159 ad·

81 1196 211 1295 'dubitat
232 1196 398 1261 Boeekhius
421 1198 457 1261 ad
480 1196 564 1260 Pind.
590 1194 638 1258 01.
662 1192 729 1259 Vll.
755 1190 829 1257 110.
859 1214 917 1259 nee
942 1196 1038 1281 magia
1064 1216 1206 1282 meeum

59 1346 61 1354 .
95 1290 190 1381 portat
203 1320 294 1385 quum
317 1320 337 1363 a
358 1292 455 1388 λόγος
475 1290 663 1384 α’νοέλονος,
690 1316 712 1359 ιι
731 1316 804 1359 sorr
822 1316 950 1374 reeora3
978 1298 1110 1363 defendit
1131 1320 1207 1365 veno

95 1398 229 1463 'l'atelius
249 1400 372 1465 Diluno.
396 1400 482 1464 Pind.
506 1399 543 1464 Τ.
567 1398 591 1463 l.
621 1418 651 1523 p.
674 1394 750 1463 008.
780 1400 919 1484 exempla
944 1400 1075 1466 aderent
1103 1401 1207 1488 luujua·

96 1502 176 1567 modi
194 1494 330 1581 ἄνοδος,
352 1497 549 1580 detinente,
569 1495 777 1587 οἷνοῖποιυμοι,
799 1500 951 1571 Boeelltio
969 1504 1113 1568 seilicet
1102 1515 1207 1590 ignota

97 1615 130 1669 et
159 1603 334 1690 incogitata.
385 1605 528 1690 Equidem
558 1622 632 1667 sane
663 1597 824 1689 α’νοιποιλῆ
855 1605 906 1669 vel
936 1600 1128 1682 α’νᾶπαλσις
1156 1606 1208 1671 vel

96 1701 289 1795 οἷνοῖπαλμα
316 1708 471 1793 analogiae
494 1705 741 1772 convenientiora
763 1717 853 1791 puto,
885 1707 944 1772 etsi
965 1709 1081 1773 nnllam
1102 1698 1208 1775 hurum

96 1811 240 1874 usitatum
264 1820 312 1874 est
332 1811 388 1875 hoe
410 1808 525 1893 quidem
549 1808 705 1873 intellectu
724 1830 763 1872 ae
781 1830 820 1873 na
838 1811 964 1875 verbum
986 1812 1103 1896 quidem
1124 1808 1209 1880 οἶνοι·

97 1904 238 1981 πάλλειν
267 1912 423 1996 repetitam
451 1910 601 1995 signidoat
626 1910 836 1988 sortitionemr
874 1933 931 1977 nee
956 1924 1058 1979 tamen
1083 1912 1209 1979 Graecia

98 2037 209 2080 nomen
230 2007 408 2089 οἷνοῖπαλος
430 2024 565 2097 ereptum
587 2034 665 2090 eam,
688 2014 766 2097 quod
786 2000 1047 2101 retaurinterprea
1067 2015 1134 2079 aine
1155 2016 1210 2079 du·

97 2117 242 2181 bitatione
271 2110 509 2206 οἷνυμεριομόν
537 2116 634 2180 reddit
662 2125 694 2179 et
720 2126 884 2180 attestatur
912 2116 1023 2184 Suidae
1051 2107 1211 2182 adnotator

98 2221 133 2285 in
160 2220 233 2284 Edd.
257 2229 333 2285 vett.
364 2242 391 2285 s.
413 2215 666 2305 Ἀνηβητηρίοιν
688 2254 733 2265 -
758 2216 799 2284 ed
824 2212 967 2308 α’νηβιιν
992 2219 1079 2288 nond
1106 2211 1226 2307 aequit--

98 2329 203 2391 θεοιν
219 2322 280 2412 τῆς
294 2314 363 2391 ἄνοι’
381 2318 546 2444 dptoduppe
564 2320 603 2388 ud
618 2314 736 2401 oddar,
754 2316 798 2396 oio
815 2320 872 2389 ναι
886 2318 926 2389 τὸ
939 2313 1211 2411 dooduopedc¹⁰’)‘
1294 2402 1296 2411 Ι

100 2423 120 2494 6
148 2430 184 2492 du
212 2425 371 2512 δευτέρου
401 2416 532 2513 δασμός
560 2423 617 2491 aul
644 2422 910 2513 ποιητικώτερον
936 2420 1145 2512 domoloc‘
1125 2449 1145 2493 ο
1169 2428 1211 2492 ln

100 2527 260 2615 δευτέρου
286 2528 425 2614 κλῆρος,
461 2528 526 2592 sive
554 2539 588 2592 ut
614 2527 846 2648 Eustptluiuop.
870 2527 932 2607 64,
960 2515 1021 2595 43.
1043 2523 1212 2616 ἄμπαλον

100 2629 318 2750 Etruriamn*
299 2655 364 2718 εφη
385 2627 446 2698 τόν
470 2621 628 2716 δεύτερον
649 2622 773 2699 ποίλον.
813 2629 1019 2721 Ἐπίπαγος,
1048 2627 1212 2720 παράπα-

100 2759 160 2823 γος
182 2744 214 2798 et
234 2734 261 2798 si
283 2753 340 2818 qua
362 2733 420 2796 alia
441 2733 847 2817 substantiamslgnitioant,
869 2737 905 2799 ah
925 2725 1001 2800 bae
1001 2755 1092 2802 eausa
1112 2735 1213 2801 aliena

103 2847 175 2901 sunt
195 2836 309 2922 pariter
329 2844 364 2897 ut
381 2831 597 2914 ἐπιποιππος,
619 2828 780 2923 ἐπιτήθη.
814 2836 873 2901 Sed
892 2838 1007 2902 oraculi
1024 2838 1117 2904 verba
1134 2833 1213 2905 ἔνθ’

101 2963 227 3026 οινεριοι
248 2935 405 3006 πνείουσι
424 2933 545 3004 doo-
564 2935 620 3023 aul
641 2929 750 3025 τύποι·
769 2932 958 3016 α’ντίτυπος
978 2939 1034 3007 και
1052 2941 1134 3027 πῆμ
1131 2934 1215 3006 ἐπι

101 3035 237 3127 πήματι
257 3052 366 3108 νεῖται
386 3037 602 3106 Herodotusl.
626 3037 679 3104 68.
710 3040 754 3106 ita
775 3042 992 3136 interpretatur
1018 3040 1080 3110 τὸν
1100 3035 1214 3132 emtor

102 3144 161 3212 ιιοιι
181 3143 242 3210 τόν
264 3137 456 3210 οἷντιτυπον
473 3138 536 3264 apr
558 3135 696 3227 ἅιιμονα
717 3141 775 3210 ναι
794 3139 860 3268 τήν
881 3168 1028 3232 σφυρυν,
1056 3144 1141 3228 quari
1158 3153 1215 3223 ant

105 3246 201 3312 oratio
223 3245 368 3331 asyndeta
389 3256 442 3310 aut
464 3267 573 3319 τυπος
594 3241 725 3331 (ἐπ’)’
701 3270 874 3335 οιντιτυπῳ
902 3246 1045 3331 seriptum
1068 3248 1128 3312 ait.
1159 3246 1219 3312 redd

100 3350 335 3454 percoopz'onem
352 3349 546 3432 repercussio
564 3349 720 3435 sequitur.
750 3348 854 3434 Neque
868 3344 1033 3437 ἔπιμηνις
1052 3349 1108 3414 diei
1126 3369 1215 3435 ponsa

105 3472 214 3538 negem
222 3427 455 3536 praepositione
477 3471 542 3515 eam
564 3451 626 3516 vim
649 3450 817 3528 obtinente,
839 3473 927 3536 quam
950 3453 1096 3516 obtinet
1086 3474 1119 3517 ιιι
1140 3456 1217 3520 ἔπι-

104 3552 254 3640 μκηνιειν,
276 3552 333 3620 ἐπὶ
351 3555 473 3639 ζαμινὲ
474 3577 492 3627 ς
510 3552 676 3622 κοτέουσα
692 3552 761 3618 Νιο.
779 3553 871 3618 Ther.
891 3551 965 3620 181.
990 3558 1127 3643 ἔγκοτοι
1146 3559 1217 3623 ιὀο·

104 3655 254 3743 δυναμεῑ
274 3654 320 3746 τῷ
341 3647 439 3733 κότος
456 3655 589 3743 lleayeh.
612 3657 796 3742 eandemque
816 3675 879 3722 nun
899 3671 1026 3744 prortua
1045 3657 1215 3724 redundare
1257 3671 1261 3677 '

107 3827 318 3840 *-

174 3927 237 3996 too)
259 3928 326 3981 Mala
348 3921 511 4000 ιιπιιδαομοι
534 3931 660 3986 scribitur
678 3927 799 3986 ιιοιιιιιι.
818 3950 844 4002 p.
866 3933 949 3997 1300,
969 3935 1012 3993 00.
1037 3941 1070 3986 ιι
1091 3933 1119 3985 in
1142 3932 1217 3986 eodd.

103 4015 238 4068 nonnullis
260 4014 361 4067 Platon
353 4031 376 4067 ιι
400 4017 457 4070 Civ.
476 4016 544 4069 Vlll.
566 4019 628 4074 300.
646 4017 680 4071 Α.
709 4020 853 4091 lleeyohiut
873 4014 1108 4090 uvatnpnttm
1127 4015 1163 4073 τδ
1184 4018 1217 4074 da

101 4098 432 4176 δευτέροοιιῧιηροοθοιι,
457 4103 563 4172 quoda
586 4103 1052 4178 ιοιιιιιιιιιοῆδιιιμωνιιοοιίιιιιιιιι
1074 4110 1165 4158 οιιι.
1183 4105 1218 4157 ad

104 4186 273 4256 at...1›1u
