2792 4725
190 366 262 435 562
542 362 858 431 btssttururto
892 364 931 431 V.

80 601 82 617 .
190 548 274 624 ruit,
303 546 460 631 quominus
492 544 525 609 in
545 542 746 610 Andromacbi
767 567 860 612 versu
880 543 984 610 Antid.
1001 544 1025 609 i.
1049 544 1144 635 pto.
1167 545 1205 614 Τ.
1217 547 1309 615 XIV.

190 651 246 719 ιιαλ
268 647 414 738 λίβανον
440 644 576 735 peiorem
604 646 661 714 ναί
691 644 837 737 οἶηλαίην
865 639 1018 735 euticete,
1041 649 1098 715 boe
1118 652 1308 738 adjectivum

190 773 258 818 csse
281 761 440 828 statueret,
464 751 544 824 ἴσως
567 744 632 837 τη“ν
659 746 803 839 αἠλοίην
830 748 996 818 ἐπίθετον
1021 751 1084 820 τοῦ
1104 753 1307 843 λιβανωτοῦ

189 855 235 944 τῷ
260 852 458 921 συντιθέντι
475 850 540 937 τήν
558 851 708 941 ἐλεγείαν
729 851 819 928 ἔδοξε
836 860 1053 941 προσθεῖναι,
1077 856 1156 921 idem
1169 858 1306 921 fortasse

192 957 314 1023 Gratiae
349 976 459 1020 nomcn
490 950 627 1043 Ἀγλαίη
655 954 834 1046 adjectivum
868 977 936 1021 csse
972 956 1168 1043 opinatus⁷⁸).
1215 958 1306 1039 Quod

188 1072 224 1126 ut
244 1082 348 1146 parum
369 1058 523 1122 fundatum
546 1056 703 1133 videatur,
726 1067 827 1124 tamur
849 1059 993 1123 dubitatio
1016 1060 1152 1125 subsistit
1170 1062 1203 1125 in
1228 1061 1302 1125 aliis

184 1166 248 1251 jam
269 1162 433 1246 antiquitus
455 1171 547 1223 mota.
594 1158 693 1223 Scbol.
718 1157 754 1222 ΙΙ.
773 1158 829 1223 ΙΧ.
849 1160 924 1226 240.
942 1166 980 1228 ἐν
999 1161 1086 1253 δοιῇ,
1109 1167 1147 1230 ἐν
1165 1162 1303 1251 doceor

187 1266 254 1355 papi·
286 1263 535 1353 περισπαστέον
561 1260 608 1327 δέ·
641 1259 756 1349 δοτιιιη
792 1259 855 1349 νιίρ
889 1258 1085 1338 deridendos
1108 1260 1230 1350 εὐθείᾳ
1247 1263 1301 1351 τῷ

189 1363 291 1449 δοιός,
317 1358 359 1434 cd
378 1364 418 1435 τό
436 1362 590 1453 θηλυκόν
616 1360 706 1451 δοιη’,
736 1386 794 1449 quo
828 1387 971 1431 concesso
1002 1368 1106 1431 codem
1132 1368 1300 1451 adspirabit

188 1463 322 1559 διπλόη,
346 1470 423 1557 quod
446 1470 502 1533 etsi
530 1466 744 1531 contractionis
773 1488 866 1553 aeque
894 1490 1004 1554 expers
1034 1481 1082 1533 est
1106 1490 1142 1534 ac
1169 1469 1297 1557 μηλία,

188 1586 289 1639 tanum
313 1572 488 1637 Eustatbius
519 1592 548 1655 p.
572 1566 649 1642 427,
671 1568 726 1635 24.
751 1580 782 1634 et
802 1568 879 1646 934,
902 1568 956 1635 36.
981 1594 1047 1636 cum
1069 1568 1201 1652 κεστός,
1234 1577 1298 1640 ἐα-

187 1669 259 1753 νός,
279 1674 403 1764 η’μίρα,
425 1670 563 1759 σταδιή,
586 1666 794 1759 αὐτοσταδίη
822 1685 995 1758 comparat,
1024 1696 1087 1739 non
1115 1677 1212 1741 solum
1241 1676 1298 1739 ubi

186 1773 306 1866 διπλόη
327 1780 450 1868 χλαῖνα
466 1777 532 1842 siva
554 1772 684 1850 διπλοίς
706 1777 877 1854 denotatur,
900 1777 952 1841 sed
974 1779 1065 1842 etiam
1085 1779 1118 1843 in
1140 1778 1300 1865 signitica-

185 1884 269 1948 tionc
296 1880 457 1967 qualitatis.
510 1878 598 1943 Aliud
632 1874 802 1964 exemplum
832 1879 998 1966 Hesychius
1027 1884 1167 1967 praebet:
1198 1884 1298 1949 Σπα-

184 1983 265 2055 νιάν
288 1982 352 2071 την
378 1975 600 2069 σπανιότητα,
625 1978 669 2056 oie
694 1977 794 2049 όοίαν
816 1977 882 2069 την
900 1977 1077 2071 ὁσιότητα,
1107 2006 1166 2069 qno
1193 1984 1297 2048 decla·

185 2110 255 2155 nare
293 2088 412 2154 videtur
440 2096 598 2170 utromque
627 2105 694 2147 esse
722 2084 926 2169 adjectivum,
956 2086 1059 2170 prins,
1089 2098 1124 2151 ut
1151 2108 1242 2162 reor,
1273 2108 1296 2151 a

107 2179 112 2194 ¹
186 2181 316 2264 σπανός
331 2191 469 2269 ductum3
492 2207 589 2271 neque
612 2182 985 2276 contumaciaeque,
1006 2186 1172 2276 μακαρία,
1199 2184 1293 2266 οίξία,

184 2287 324 2373 οίπαξία,
348 2288 470 2368 α’νοιξία
493 2290 539 2373 (v.
564 2288 663 2375 Heyn.
687 2289 735 2352 ad.
760 2288 857 2375 Epiot.
882 2289 979 2354 Encb.
1004 2314 1032 2356 c.
1057 2289 1127 2378 36.)
1155 2291 1187 2355 in
1209 2290 1294 2356 bunc

184 2399 343 2466 admittere
369 2415 539 2461 numerum.
584 2390 697 2455 Verum
729 2390 786 2455 bno
814 2393 947 2459 deductis
969 2415 1080 2460 vereor
1108 2417 1146 2460 ne
1175 2394 1295 2460 difficile

185 2503 226 2568 sit
248 2501 371 2596 gradum
393 2497 544 2561 sustinere
568 2493 619 2559 via
640 2493 755 2557 lubrica
787 2505 818 2558 et
843 2497 1009 2583 praecipiti.
1064 2496 1138 2564 Nam
1170 2507 1296 2584 practer

183 2605 248 2680 illa,
256 2623 347 2708 puae
364 2601 427 2686 jam
449 2617 591 2683 percursa
613 2605 706 2673 sunt,
737 2596 867 2682 undique
888 2600 1056 2664 redundant
1076 2600 1293 2666 vocabulorum

182 2709 296 2773 formae
318 2704 481 2790 ancipites:
505 2697 677 2790 ιίρηιονία,
707 2697 914 2788 α’ναιιτορία,
938 2700 1133 2791 ἐλευθερία,
1156 2709 1292 2771 ἔπινον·

183 2806 252 2898 ρία,
275 2803 411 2898 ἦονχία,
428 2801 563 2883 ίιιεσία,
589 2802 769 2893 ίσημερία,
792 2803 974 2893 νερτομία,
995 2804 1161 2897 μειλιχία,
1183 2805 1290 2885 ξενία,

182 2909 348 3002 οίιιονρία,
376 2906 570 2999 παρθενία,
601 2905 761 2996 σωτηρία,
783 2905 964 2998 δπερτιρία
989 2912 1169 2996 (superbia),
1193 2907 1291 2997 φιλία

181 3028 241 3082 eto.
265 3035 340 3100 quae
362 3012 389 3077 si
410 3011 544 3076 actiones
567 3021 598 3075 et
618 3012 776 3095 qualitates
798 3012 980 3098 significant,
1004 3033 1065 3076 non
1079 3035 1133 3098 pro
1151 3013 1292 3078 substan·

182 3120 253 3186 tivis
278 3107 330 3184 sed
352 3115 537 3182 substantiva
557 3133 645 3190 ease,
669 3114 835 3179 commonia
868 3125 914 3178 est
945 3115 1100 3179 doctorum
1121 3115 1286 3180 sententia.

180 3222 286 3306 Neque
309 3242 364 3307 ego
386 3219 439 3283 iila
460 3228 564 3284 vetere
589 3217 778 3301 possessione
806 3217 965 3281 deturbare
992 3219 1135 3282 conabor.
1180 3218 1238 3282 Sed
1259 3219 1289 3282 ai

121 3378 125 3388 ,
182 3325 248 3411 quis
270 3336 370 3388 tamen
393 3323 451 3386 buc
473 3319 613 3385 audaciae
634 3319 786 3403 procedat,
810 3339 870 3381 non
892 3319 980 3384 video
1003 3320 1107 3404 quibus
1126 3340 1288 3406 argumen-

182 3427 222 3494 tis
243 3426 370 3498 reiutari
394 3425 499 3518 possit.
542 3421 617 3487 Nam
639 3420 687 3497 si,
711 3430 747 3484 nt
765 3420 900 3505 plerique
923 3424 1134 3504 consentiunt,
1163 3421 1288 3511 δαιμο·

181 3529 239 3617 etp
264 3541 294 3596 et
310 3526 478 3616 θεσπεσίη
498 3547 559 3590 uon
581 3523 671 3589 aliter
692 3544 726 3588 se
749 3524 859 3589 babent
881 3545 917 3589 ao
940 3524 1097 3614 δημοσίᾳ,
1119 3524 1201 3615 ἰδίᾳ,
1219 3549 1289 3592 ιιοι·

179 3633 246 3727 νη,
278 3630 364 3729 ἐτεῇ,
387 3631 456 3718 quid
477 3627 603 3696 rationis
633 3625 691 3691 dici
711 3637 822 3712 potest,
851 3649 907 3694 cur
932 3629 1101 3721 μειλιχία,
1123 3625 1287 3718 cippario,

180 3811 391 3827 fi—n—

250 3926 295 3993 78)
313 3929 422 3995 natm
437 3934 464 3979 at
482 3921 579 3994 Κλὴτο
599 3925 751 3979 Gratiarum
769 3927 871 3978 nomina
890 3930 952 3977 sunt
970 3924 1117 3992 adjectiva3
1132 3917 1244 3994 Ἀγλαΐα
1263 3923 1288 3975 ai

179 4013 373 4090 substantivum
390 4020 447 4075 est,
476 4028 533 4065 cum
551 4011 610 4066 aliis
634 4013 740 4064 dearum
764 4012 956 4079 cognominibus
971 4005 1087 4082 ’Τγίιιια
1104 4005 1201 4077 Χλόη,
1219 4023 1286 4060 οοιιι-

180 4103 240 4172 poni
258 4101 343 4155 debet.
379 4099 449 4152 Deae
468 4115 574 4161 nomen,
594 4114 660 4167 quac
674 4097 837 4152 Pistbataerc
862 4099 939 4152 nubit
954 4096 1037 4150 Arist.
1052 4097 1119 4149 Ave.
1145 4094 1222 4148 1538.
1238 4095 1288 4146 boa

179 4191 234 4242 loco
253 4197 280 4241 et
293 4189 378 4241 tribua
389 4187 556 4255 sequentibus
570 4181 702 4242 Βασιλεία
712 4187 851 4258 scribitur,
872 4185 962 4247 semel,
980 4183 1048 4253 quod
1064 4189 1175 4235 nauum
1192 4180 1285 4250 poscit,

179 4272 321 4332 Βασίλεια.
