2792 4725
44 318 110 406 ,τρια
284 299 344 367 DF.
364 291 796 366 tulmen-tumulum.
827 293 864 362 G.
884 292 939 361 tv.
962 294 993 381 ἕ.
1014 293 1047 361 6.
1156 294 1226 364 976

118 435 229 570 φόνον
248 474 336 544 Pind.
358 476 402 544 P.
417 478 471 544 tv.
493 476 566 544 446.
587 474 654 565 τάν
671 467 777 566 μόνον
797 474 861 561 ioh.
883 473 922 540 A.
947 473 1022 543 794.
1045 476 1082 543 ub
1101 475 1224 565 adjsoti·

115 584 164 650 vis
182 579 207 671 ἤ
224 577 362 670 τρόφος,
383 577 573 671 ἤπομιτάς,
593 581 734 668 osmanni
754 579 850 645 limito
871 579 1013 647 tuorem.

620 768 650 853 s.
673 764 707 833 o.

199 887 294 955 Multo
315 887 434 972 saepius
457 908 546 972 quam
567 908 644 973 qnae
673 888 707 952 in
730 871 780 975 ᾗ
795 898 928 966 exeunt,
959 888 1009 953 isis
1030 899 1156 974 cognatu
1176 900 1223 955 at·

113 992 259 1059 tributiva
279 990 313 1055 in
338 978 393 1079 ἠρ
414 1003 446 1056 et
473 976 531 1077 ἦρ’
552 989 706 1055 femininis
733 992 956 1077 adjunguntur3
986 992 1071 1077 cujus
1099 991 1222 1077 genonis

113 1094 319 1179 antiquissima
341 1092 478 1178 exempla
507 1103 579 1157 sunt
606 1086 823 1181 παμβάτορα
852 1106 957 1183 μαῖαν
987 1093 1020 1157 in
1043 1093 1221 1179 Cypriorum

111 1198 163 1266 nr.
186 1197 212 1262 l.
235 1208 267 1263 et
286 1188 511 1283 πτεροφάτσρ
532 1186 697 1283 άνάνκην,
717 1196 793 1280 quod
816 1195 990 1261 Damasoius
1011 1195 1086 1279 tegit
1105 1195 1139 1259 in
1159 1195 1221 1261 Ho-

111 1301 244 1365 menidae
265 1298 405 1365 versibus
432 1319 481 1383 ap.
514 1298 589 1362 Plut.
620 1298 748 1361 Phanis.
776 1320 805 1383 ρ.
827 1296 903 1365 232.
927 1297 961 1363 Β.
984 1297 1090 1382 quihus
1111 1296 1221 1361 similia

111 1404 222 1490 ubique
245 1412 365 1476 extant,
386 1399 517 1490 μητέρα
537 1398 699 1488 μαστῆρα
718 1401 864 1465 Carcinus
885 1401 972 1466 Diod.
995 1400 1035 1465 V.
1059 1397 1091 1463 5.
1115 1392 1221 1466 άκον·

109 1507 242 1592 τιστῇρι
255 1501 390 1593 τριαίνῃ
412 1513 471 1567 eto.
496 1514 528 1567 et
548 1503 624 1588 apud
645 1504 727 1589 ipsos
748 1524 856 1590 prosae
872 1503 1034 1587 scriptores
1050 1490 1220 1588 αὐτοκρά-

109 1631 178 1693 τωρ
199 1602 297 1697 άρχή,
321 1597 418 1680 πόλις
431 1598 723 1696 θαλασσοκράτωρ
742 1618 801 1671 eto.
846 1606 892 1669 At
912 1603 960 1669 his
981 1624 1069 1681 vero,
1093 1626 1220 1689 quorum

108 1709 255 1774 feminina
276 1709 308 1773 in
335 1695 418 1796 ff
428 1708 480 1774 vei
501 1717 608 1772 extant
628 1708 679 1773 vel
702 1704 775 1793 lingi
797 1718 940 1792 possunt,
962 1706 1105 1791 distingui
1127 1729 1241 1794 onon--

109 1822 156 1876 tot
176 1812 276 1877 minus
298 1811 429 1886 mobilia,
452 1808 477 1897 η’
502 1813 603 1896 ἴστωρ
641 1808 732 1894 Soph.
761 1810 811 1873 El.
835 1807 911 1875 859.
943 1801 1143 1896 η’άλάστοιρ
1163 1832 1219 1895 ραι·

108 1934 214 1978 omnes
231 1928 323 1978 nasus
345 1912 494 1999 Lyoophn.
522 1911 618 1976 1318.
640 1912 818 1978 Nicocharis
838 1911 952 1977 Aneod.
983 1906 1057 1975 382.
1082 1910 1215 1997 Aloiphn.

108 2014 162 2080 111.
184 2016 241 2103 Ep.
265 2015 320 2081 62.
343 2015 461 2080 Heliod.
486 2014 566 2078 Viii.
590 2012 644 2090 14,
666 2012 743 2080 338.
772 2014 866 2079 Anth.
890 2014 975 2077 Plan.
999 2012 1038 2077 Ν.
1064 2012 1137 2077 141.
1161 2013 1216 2078 Ni·

109 2117 195 2203 noph.
220 2118 312 2203 Greg.
344 2118 422 2183 Hist.
445 2116 497 2180 Vl.
527 2113 568 2195 8,
599 2114 673 2184 121.
697 2117 736 2181 D.
768 2116 829 2204 τῆς
857 2111 1036 2201 ἀλέκτορος
1061 2107 1216 2201 Ἀθήνας

38 2283 41 2290 ,
106 2219 224 2284 Athen.
247 2219 299 2285 111.
322 2220 376 2286 98.
400 2221 435 2285 B.
460 2221 536 2305 quot
558 2220 719 2288 Passovius
744 2219 895 2285 immerito
916 2228 1069 2302 suspectat
1080 2218 1215 2306 χαλκεο-

105 2319 217 2411 μλτωρ
237 2322 422 2409 inculpatum
444 2322 665 2400 transmittens,
691 2327 729 2391 αλ
749 2315 931 2412 α’κράτορις
944 2320 1063 2386 Aelian.
1081 2319 1119 2383 Η.
1128 2321 1214 2384 Anu:

106 2425 163 2490 IX.
187 2424 241 2491 48.
265 2421 446 2511 άθλκτορις
476 2424 652 2511 παρθένοι
677 2426 781 2512 Etym.
802 2427 845 2491 M.
869 2447 896 2490 s.
921 2426 952 2489 h.
976 2447 1008 2489 v.
1040 2420 1137 2487 Unum
1158 2421 1213 2488 ho-

103 2550 173 2593 num
201 2527 536 2616 pauasohematistonum
564 2539 673 2593 neutro
702 2529 897 2614 compositum
932 2526 1102 2592 invenimus
1131 2526 1209 2591 Plat.
1315 2553 1324 2560 ·

108 2630 177 2696 civ.
200 2629 258 2694 IX.
282 2629 357 2696 579.
381 2630 419 2694 D.
443 2625 614 2717 κάμνοντι
640 2630 686 2716 τῷ
707 2622 840 2717 σάματι
859 2629 917 2698 καλ
942 2624 1104 2718 άκράτορι
1129 2635 1212 2697 ἑαν-

90 2732 181 2814 ’τοῦ,
201 2734 254 2797 sod
284 2733 403 2817 saepius
431 2733 565 2798 verbalia
592 2734 625 2797 in
650 2721 697 2820 ἦρ
724 2733 783 2798 huo
804 2733 1007 2798 dososudunte
1032 2728 1212 2820 άμρεατῆρι

101 2832 186 2921 λίνῳ
221 2835 354 2899 Maneth.
378 2834 417 2899 V.
445 2833 521 2901 279.
552 2832 744 2923 άριτακτῆρι
771 2835 924 2924 βελέμνῳ
957 2835 1065 2899 Joanu.
1097 2834 1207 2920 Eophn.

104 2936 181 3001 465.
206 2936 259 3017 (ii.
284 2935 373 3020 196.)
395 2936 549 3025 κνιστῆρι
568 2934 742 3028 χαράκτρῳ
761 2938 830 3003 Nio.
846 2939 936 3003 Alex.
957 2936 1031 3004 308.
1052 2939 1210 3024 κυβιστη-

103 3039 182 3125 τῆρι
199 3036 333 3127 καρήνῳ
356 3038 459 3104 Noun.
481 3042 524 3105 X.
548 3038 622 3106 149.
654 3043 760 3125 quibus
791 3040 974 3106 simillimum
1003 3039 1209 3104 Antonianum

102 3141 179 3206 illud
199 3143 326 3223 ιοοαλιέοκ
340 3142 582 3229 ruminatoribus
603 3142 640 3206 L.
664 3142 731 3207 vlt.
756 3164 784 3206 o.
808 3141 863 3209 24.
909 3143 966 3206 seu
986 3141 1093 3227 κρᾶτα
1114 3143 1208 3229 unfit·

61 3323 68 3332 ι
103 3241 254 3331 στατῆρα
270 3242 371 3308 Noun.
388 3243 491 3308 XXII.
507 3244 583 3309 371.
606 3246 803 3310 masculinum
826 3255 884 3309 est.
929 3245 1027 3308 Prima
1048 3242 1207 3309 declinatio

102 3348 162 3411 duo
191 3347 314 3430 praebet
341 3346 479 3430 exempla
504 3342 669 3434 άργέστασ
699 3348 773 3434 (sio)
806 3345 924 3420 λίπενς
958 3345 1082 3410 Nioand.
1112 3346 1204 3412 Thon.

103 3445 180 3514 592.
209 3458 253 3513 et.
270 3439 493 3534 μαψαλάκαις
524 3447 654 3524 τέκνοις
685 3450 772 3516 Pind.
790 3447 893 3525 ,Nem
923 3445 988 3513 Vll.
1019 3447 1093 3512 155.
1129 3450 1207 3534 qnod

102 3549 180 3614 hand
191 3550 379 3615 insolentius
394 3560 599 3615 constructum
620 3573 707 3636 quam
729 3548 806 3637 φίλε
827 3549 960 3627 τέκνον,
977 3549 1029 3614 sed
1046 3551 1141 3634 magis
1160 3563 1207 3617 est

101 3663 139 3716 nt
159 3651 305 3716 miremur
330 3651 434 3721 τέκνα
457 3650 514 3716 hoo
539 3652 605 3717 loco
627 3675 681 3738 pro
709 3650 830 3720 παιδία
855 3653 997 3737 positum.
1020 3686 1062 3700 —-
1083 3646 1207 3744 Ἕνχσα

101 3746 264 3840 διάκτορα
287 3752 465 3841 δηὶοτῆτσς
482 3754 584 3820 Nonn.
600 3753 751 3819 XXXiX.
765 3754 818 3821 82.
842 3777 903 3820 uon
925 3757 961 3820 ad
982 3750 1123 3841 διάκτωρ
1140 3777 1207 3840 per·

102 3855 193 3933 tinet,
217 3857 293 3940 quod
307 3857 507 3922 Sohneidmus
528 3858 649 3922 Bianoni
671 3859 797 3938 exemit,
822 3859 875 3923 sed
897 3867 1000 3924 tuetur
1014 3858 1119 3921 Suidas
1140 3857 1207 3924 alii·
1242 3869 1243 3872 ’

101 3977 162 4040 qno
192 3956 473 4038 Grammaticorum,
500 3970 607 4026 verum
634 3961 671 4025 ati
697 3956 885 4048 διάκτορος,
914 3959 994 4025 undo
1028 3955 1207 4046 διάκτορον

100 4053 203 4146 ὄμμα
231 4059 307 4124 (iaz.
343 4061 453 4146 Eupho.
484 4061 559 4128 594.
588 4061 691 4127 Noun.
722 4065 874 4129 XXXIX.
904 4062 958 4130 82.
1009 4061 1085 4127 iiuio
1105 4074 1207 4129 autom

35 4151 38 4155 ’
100 4161 178 4228 nihii
198 4162 296 4227 simile
318 4164 354 4227 ab
375 4162 506 4250 anu'quis
526 4164 623 4251 noetis
644 4165 747 4232 fiotum
779 4176 827 4231 ost
855 4177 978 4253 praeter
1017 4164 1127 4231 Aesuh.
1151 4165 1205 4243 m,

133 4263 243 4320 mmm.
261 4264 384 4336 Ρανολιρ.
938 4276 981 4344 18
