2792 4725
178 266 555 339 οοαοοοαοοιοατ.
573 267 1030 339 successeruntque.
1053 268 1131 357 §.a
1166 269 1237 341 sm

125 442 483 543 νειός*3),,Εὕξοινος,
505 447 628 527 τίνων,
648 444 798 539 μαλάχη,
821 450 927 539 πέλτη
950 453 983 532 (a
1002 449 1146 537 ποίλίω).
1181 452 1238 517 illa

125 578 199 623 vcro
225 576 292 619 oum
315 553 448 632 motione
474 555 634 637 conjuncta
660 554 833 637 quantitatis
856 555 1043 631 imminutio,
1074 556 1161 643 cujus
1182 573 1238 621 ex·

125 659 254 745 emplum
268 658 391 743 praebet
405 653 604 745 ἡμίκραιρα,
623 656 805 743 simplicibus
822 679 937 745 quoque
952 659 1108 723 adhibetur
1124 650 1238 751 οτειροί

125 774 241 849 στεῖρα
246 806 259 839 ,
282 759 400 829 τελεία
420 758 537 827 πέλεια
562 760 654 844 (quod
675 780 787 823 nomen
810 758 895 825 Gaza
915 762 992 827 scite
1013 741 1110 828 scibit
1132 762 1235 849 licia),

54 938 59 943 ,
125 862 229 954 ppulo
248 876 368 953 γραῖα,
398 855 528 955 νραοροί
550 861 692 949 νραῠρα.
735 862 841 928 Altera
862 864 1063 931 distinctionis
1084 864 1162 930 ratio
1183 872 1258 952 po-¹

125 968 184 1033 sita
211 978 259 1031 est
285 965 319 1030 in
345 967 566 1043 declinatione,
599 974 656 1050 quo
679 966 802 1031 uomina
823 966 943 1053 propria
968 967 1192 1053 distinguuntur
1217 988 1237 1033 a

125 1068 300 1157 participiis.
346 1067 448 1153 ltaque
476 1090 568 1133 unum
597 1068 785 1153 planetarum
810 1068 992 1147 Φαίνωνα,
1024 1070 1119 1136 latine
1141 1070 1235 1135 Phae-

125 1193 225 1249 nona,
256 1172 418 1255 dixerunt,
451 1171 541 1237 alium
569 1169 741 1259 οτίλβωνα
768 1171 921 1236 Plutarch.
946 1173 982 1237 de
1003 1174 1105 1237 Anim.
1129 1174 1234 1240 Procr.

125 1274 259 1339 XXXll.
283 1272 357 1339 327.
387 1274 424 1337 Τ.
448 1273 532 1337 Xlll.
565 1275 601 1338 de
627 1274 695 1339 Del.
719 1274 809 1339 Orac.
833 1272 980 1338 XXXVI.
1009 1273 1085 1340 358.
1116 1275 1153 1339 Τ.
1177 1275 1233 1341 lX.

125 1378 178 1443 sed
201 1378 322 1441 tertium
344 1377 490 1461 mendam
506 1377 701 1445 Φαέθοντα.
736 1376 842 1468 Neque
862 1377 895 1441 in
916 1376 978 1445 illis
998 1378 1056 1443 sibi
1078 1390 1236 1456 constant;

125 1479 189 1547 τοῦ
210 1477 399 1567 φαίνοντας
417 1480 528 1565 legitur
541 1502 603 1565 per
624 1500 729 1544 omues
751 1481 837 1545 codd.
859 1479 989 1545 Aristot.
1013 1482 1049 1550 be
1068 1481 1171 1547 Mune.
1194 1480 1234 1545 ll.

64 1575 68 1581 ’
126 1582 202 1651 392.
219 1582 316 1652 Belli.
332 1596 364 1649 et
379 1604 420 1649 cx
434 1582 566 1647 Platonis
581 1582 720 1667 Epinom.
736 1604 766 1667 p.
780 1579 855 1647 987.
871 1582 922 1658 C„
942 1583 991 1647 ubi
1006 1583 1071 1669 pari
1086 1604 1237 1649 consensu

125 1684 288 1771 Φαίνωνα
315 1685 475 1761 scribitur,
506 1684 684 1751 Plutarchus
713 1684 956 1761 correcturi.
989 1708 1016 1749 o.
1042 1684 1094 1752 15.
1125 1698 1158 1752 et
1180 1684 1233 1752 16.

41 1808 44 1811 ’
125 1788 299 1861 Φαίνοντα
327 1789 415 1855 affert
441 1800 474 1853 et
500 1784 712 1875 Στίλβοντα,
745 1809 803 1874 quo
830 1788 971 1853 Manetbo
999 1788 1095 1854 utitur
1119 1789 1154 1855 V.
1179 1788 1233 1857 72.

127 1894 240 1960 omisso
269 1893 391 1957 nomine
420 1892 497 1978 quob
526 1912 568 1957 ex
596 1902 742 1957 contextu
775 1902 807 1955 et
834 1891 1059 1955 continuatione
1087 1894 1236 1960 sermonis

125 1996 253 2081 patescit
276 2005 309 2061 ut
330 1988 406 2063 οὔτ’
429 1996 511 2081 ἑῷος
532 1986 618 2061 οὔθ’
638 2002 781 2083 ἕσπερος
802 1989 890 2061 οὕτω
912 1984 1013 2068 καλός
1034 1994 1162 2059 Aristot.
1181 1995 1237 2062 Ni-

126 2120 203 2163 ccm.
224 2097 263 2162 V.
284 2098 316 2162 1.
339 2120 369 2183 p.
390 2096 493 2175 1129,
516 2096 571 2164 28.
596 2095 770 2185 Στίλβονα
791 2098 933 2161 mendose
956 2098 1101 2164 Stobaens
1122 2096 1189 2164 lici.
1207 2098 1233 2163 l.
1322 2188 1326 2198 Ι

125 2200 187 2280 25,
211 2200 286 2267 516.
331 2201 500 2287 Eademque
526 2200 632 2265 estin
659 2199 829 2266 nominibus
856 2199 1009 2267 hominnm
1031 2200 1159 2289 propriis
1181 2201 1236 2266 llu-

126 2304 258 2383 ctuutio,
282 2305 318 2372 dc
341 2328 397 2392 qua
418 2327 512 2392 pauca
534 2304 599 2370 dixi
618 2304 650 2370 iu
672 2302 875 2390 Aglaopbamo
897 2303 934 2370 T.
953 2302 978 2370 l.
1001 2300 1075 2370 733.
1091 2304 1140 2391 ⁴⁴)
1175 2302 1236 2369 Ve-

125 2430 193 2474 rum
215 2410 251 2474 do
273 2411 454 2496 simplicibus
476 2411 597 2497 longior
616 2430 717 2475 sermo
738 2417 845 2476 restat.

195 2693 240 2762 13)
256 2692 364 2746 Moeno.
380 2691 459 2747 Ther.
476 2693 535 2748 57⁰.
555 2690 627 2761 χιλοὶ
643 2687 688 2747 ίίτε
703 2687 837 2757 plocimon,
854 2693 918 2745 νίον
933 2685 963 2743 δ’
976 2685 1127 2759 iunctim
1142 2695 1236 2762 τοίην,

124 2793 178 2847 quo
194 2779 249 2832 loco
266 2781 418 2850 bernhardp
436 2779 512 2849 Synt.
532 2796 557 2846 p.
576 2777 637 2831 117.
657 2777 724 2831 Abu.
745 2777 787 2829 tt.
809 2778 952 2829 inontlitam
970 2779 1171 2830 comminiscitur
1186 2795 1234 2830 aa·

81 2865 84 2870 '
125 2870 255 2919 merorrim
274 2869 423 2932 enallagen,
450 2869 511 2920 νέον
531 2880 580 2915 non
601 2872 642 2915 est
660 2879 743 2930 nuper
766 2864 811 2915 sod
834 2865 926 2916 novale
946 2857 1028 2918 ναίν.
1063 2863 1102 2917 hc
1124 2864 1236 2918 locust·

125 2945 273 3022 ἐπεχεύατο
291 2953 468 3014 scribentium,
493 2967 575 3018 ρααπο
591 2951 699 3002 novalia
716 2951 771 3001 etit·
786 2952 896 3002 Ιιονίαοι
911 2952 1039 3002 induunt.

195 3056 242 3123 tl)
259 3055 434 3110 usitatissima
452 3063 514 3108 sunt
531 3054 657 3120 simpron
670 3056 817 3120 τρέμον..
833 3053 922 3120 Quint.
936 3053 993 3105 cu.
1007 3053 1054 3106 xt.
1070 3053 1114 3106 ct.
1135 3018 1238 3108 banc

126 3144 230 3196 Aeliam.
245 3143 275 3196 H.
290 3145 358 3197 Anu.
373 3143 420 3196 Xl.
439 3143 480 3196 13·
499 3146 630 3196 Μίνοντα
649 3139 739 3206 Quint.
755 3139 790 3191 X.
808 3141 869 3192 118.
886 3132 1052 3210 Ἀρήνοντοσ·
1062 3139 1234 3193 Strcb.·Vltt.

127 3227 188 3284 343.
219 3228 404 3298 &coniunctos
426 3229 544 3297 llippocr.
567 3226 675 3282 Prorub.
695 3225 716 3278 1.
741 3225 801 3281 172.
826 3224 857 3276 Τ.
878 3225 898 3277 l.
925 3233 952 3278 et
974 3226 1001 3277 in
1024 3225 1235 3298 inscriptionibus

128 3318 229 3384 praecis
246 3316 387 3385 latinisque
405 3301 593 3385 Kpociuoueoe
615 3311 725 3365 Boechh.
747 3309 779 3364 T.
793 3311 818 3364 ·1.
842 3310 873 3364 tt.
896 3312 955 3366 199.
984 3309 1105 3374 Σοίζοντι
1121 3311 1153 3365 Ν.
1172 3316 1235 3371 211.

126 3401 276 3471 Spondonti
291 3401 417 3456 Murator.
437 3401 469 3456 N.
491 3401 572 3463 1663,
592 3399 617 3452 6.
637 3400 801 3451 Anacreonti
815 3397 848 3449 Ν.
867 3397 933 3460 781,
952 3399 979 3452 8.
998 3406 1048 3449 etc.
1071 3399 1136 3466 qnod
1155 3416 1236 3466 μου

127 3491 169 3542 est
186 3491 341 3542 homericum
357 3483 499 3548 Μέδοντα,
518 3503 565 3539 nec
582 3500 663 3555 pontu
681 3485 987 3553 com'pruepositionibos
1005 3485 1158 3551 compbsita:
1176 3489 1236 3540 Πα·

127 3569 295 3649 pastillum
317 3576 395 3628 Pons.
416 3573 449 3628 V.
474 3577 504 3635 6,
528 3576 555 3626 2.
587 3572 891 3653 ΣομφίροντιρΒοοοὶῃὴ.
914 3570 948 3623 Ν.
972 3571 1032 3628 tet.
1066 3573 1238 3624 Anatelloutt'

126 3664 225 3718 Horat.
244 3663 276 3716 N.
295 3663 370 3725 1583,
389 3662 429 3718 tt.
449 3667 500 3713 etc.
530 3659 727 3712 §ciconinum
744 3659 817 3710 nobo
834 3658 998 3710 declinantur
1010 3661 1126 3724 Φίρονα
1143 3656 1233 3724 Quint.
1265 3655 1270 3665 ‘

127 3749 161 3804 ll.
174 3751 234 3807 tte.
255 3747 389 3804 Mittam
402 3745 520 3814 Xenopb.
532 3745 600 3798 llell.
616 3744 702 3806 lV.'l,
717 3747 744 3798 5.
762 3741 960 3810 (thimiama)
974 3745 1117 3798 Πείθωνος
1128 3743 1233 3806 mnu.

127 3837 172 3889 Al.
190 3835 235 3890 Vl.
256 3837 287 3897 6,
307 3837 333 3889 1.
368 3837 499 3889 Μένωνος
519 3833 608 3884 multis
629 3833 694 3886 'loeis
715 3839 745 3883 et
760 3834 961 3900 Παρμίνανοτ,
986 3830 1054 3898 qued
1074 3837 1102 3880 et
1119 3832 1237 3898 Παρμέ-

125 3940 226 3978 νοντος
241 3923 367 3974 scribitur
383 3937 411 3972 v.
426 3919 559 3972 Schaeier.
578 3920 611 3971 ad
625 3917 701 3972 bon.
720 3917 787 3987 App.
806 3916 838 3970 Τ.
853 3915 898 3973 IV.
919 3918 979 3973 521.
998 3932 1107 3984 quornm
1125 3915 1235 3973 difficilis

127 4010 159 4061 ob
175 4018 373 4079 pnroupmornm
389 4007 585 4060 similitudinem
602 4006 763 4072 dijudicam-
792 4004 971 4070 Theognostus
987 4003 1083 4057 buoch.
1101 4001 1185 4055 Cram.
1201 4000 1233 4054 ll.

127 4095 177 4155 33,
194 4095 241 4151 21.
258 4093 304 4148 τί
318 4089 361 4153 τίς
380 4081 437 4148 ic‘r'
458 4091 497 4164 μὴ
517 4088 586 4147 ὅντα
608 4087 739 4158 ναυτικοὶ
762 4086 807 4148 διαί
828 4088 878 4146 τοῦ
896 4077 919 4143 ὦ
939 4085 1074 4159 γράφεται
1089 4084 1234 4149 (κλίνεται)
1289 4116 1295 4124 ’

131 4178 262 4236 bilimer
281 4179 459 4240 Τελίοτωνοο·
485 4176 519 4236 τί
536 4175 567 4234 δὲ
582 4173 704 4249 ‘horton
719 4173 809 4247 bopo
825 4170 1004 4246 conspicitis
1021 4168 1166 4243 μετοχινίν
1183 4165 1233 4225 bic?

992 4450 1007 4482 Χ
