2792 4725
301 307 359 373 DE
389 306 587 373 PRAECC.
617 306 821 375 EUPIION.
856 311 885 394 ἓ.
909 309 942 375 3.
1152 312 1178 377 9

91 488 198 574 Dionys.
212 484 295 550 Antt.
309 462 391 551 VIII.
414 485 469 563 73,
496 485 591 552 1685.
615 481 821 575 πεφενάκικε
839 487 926 554 Dem.
942 486 990 553 01.
1006 487 1044 552 ll.
1060 488 1116 567 29,
1140 489 1173 555 5.

90 590 155 654 tots.
176 588 244 674 Lag.
269 586 345 664 363,
373 587 427 654 29.
459 580 670 663 &coenantium
694 589 862 677 Theophyl.
886 588 963 655 ttist
988 588 1040 654 Ill.
1063 590 1097 669 8,
1120 592 1174 658 73.

88 694 118 757 Α.
136 690 335 758 λοδικοκένοι
356 690 467 755 Athen.
490 690 562 755 XII.
594 690 669 755 517.
700 691 736 755 Β.
758 688 1093 778 προπεπηλακικότες
1119 694 1177 759 Ilio

87 793 159 857 Cass.
178 792 349 857 XXXVIII.
373 792 426 856 34.
457 798 721 879 προκεκοηκοῑαι
754 794 861 859 Sorau.
888 796 925 859 tle
943 796 1034 859 Matr.
1066 818 1096 881 p.
1119 794 1175 862 54.

86 906 266 983 cooperante
292 895 391 958 Strah.
412 894 483 958 XII.
509 893 583 958 544.
612 916 686 979 quae
716 896 801 960 nohis
831 897 948 979 quidem
978 898 1116 961 cacillara
1145 906 1178 961 et

36 990 39 1005 ’
84 997 211 1061 cicurrire
237 997 390 1062 videntur.
448 997 530 1061 llaec
565 1007 665 1061 autem
694 1009 740 1062 tot
767 998 857 1063 unius
887 1000 1009 1083 generis
1038 998 1177 1083 exempla

81 1100 212 1163 cumulavi
233 1101 419 1185 potissimum
442 1098 479 1163 olo
505 1120 570 1163 eam
587 1120 719 1176 eausam,
743 1101 812 1185 qula
825 1100 1023 1165 Buttmannus
1038 1100 1173 1165 Gratum.

79 1202 104 1285 ἕ.
114 1200 159 1265 97.
177 1202 295 1267 Auno.
311 1203 511 1287 perlectorum
530 1201 714 1284 quorundam
727 1202 876 1265 delectum
891 1201 933 1265 ita
950 1204 1121 1284 excusavit,
1140 1213 1176 1269 ut

80 1303 125 1366 hoc
138 1313 246 1387 tempus
262 1305 293 1368 in
311 1302 486 1368 uuiversum
500 1305 537 1368 ad
556 1324 641 1367 usum
661 1304 760 1365 minus
780 1304 984 1367 necessarium
1000 1314 1032 1367 et
1049 1306 1082 1368 in
1100 1326 1176 1369 nou·

78 1406 155 1471 nullis
166 1406 265 1471 verbis
278 1418 312 1469 ut
327 1406 528 1491 pronunciatu
541 1406 682 1491 asperius
698 1404 879 1469 declinatum
895 1426 964 1470 esse
981 1404 1172 1494 statueret⁵).

570 1596 601 1677 o.
626 1592 659 1658 o.

145 1715 275 1778 anhda
297 1712 540 1792 semivocalium,
572 1723 607 1778 ut
628 1714 793 1800 Dionysius
816 1715 879 1791 ait,
909 1714 1090 1779 suavissima
1114 1714 1174 1779 etsi

75 1817 239 1902 inutroque
265 1837 404 1881 sermone
427 1817 500 1879 duas
526 1816 684 1899 continuas
706 1815 836 1901 syllabas
864 1838 926 1879 nou
948 1837 1018 1880 raro
1043 1816 1171 1893 orditur,

76 1920 205 2005 λαῖλαψ,
227 1911 341 1997 lutici,
364 1909 483 1997 λολός,
508 1918 617 2003 loligo,
641 1918 748 1981 lolium
770 1930 830 1982 ctc.
854 1929 955 1981 tamen
977 1930 1099 2002 propter
1119 1938 1175 1981 an·

75 2024 261 2087 tecedentium
282 2021 333 2086 vel
350 2020 592 2104 subsequentium
612 2020 767 2094 literarum
786 2029 924 2084 acturam
941 2022 1091 2084 interdum
1106 2018 1174 2084 locu

75 2144 118 2187 suo
145 2126 311 2189 concedere
340 2132 443 2187 coacta
470 2131 527 2186 est.
580 2121 684 2207 Neque
713 2123 793 2187 enim
822 2121 1025 2205 improbabilis
1053 2122 1175 2187 videtur

75 2224 134 2290 Gor.
152 2226 254 2290 Vossii
280 2224 379 2310 opinio
403 2246 455 2308 pro
478 2224 631 2287 coelulcus
651 2225 846 2289 substitutum
868 2242 936 2287 esse
957 2224 1119 2287 coeruleus
1139 2233 1175 2287 ut

74 2328 193 2406 suavius,
217 2340 249 2392 et
269 2330 306 2391 oh
326 2326 448 2392 eandem
468 2348 586 2391 cansam
606 2326 769 2391 nonnullos
785 2324 908 2390 Parilia
926 2325 1067 2391 maluisse
1086 2346 1174 2411 quam

73 2430 172 2494 Palo'lo'a
193 2433 318 2509 dicere3
342 2451 377 2493 ac
395 2431 497 2493 nescio
519 2451 558 2493 au
574 2429 682 2494 Gracci
705 2429 774 2514 ipsi,
799 2450 889 2513 quum
911 2429 1032 2493 uomica
1055 2428 1175 2514 propria

75 2530 194 2611 Cloelia,
227 2532 405 2610 Pollittas,
442 2531 696 2615 pronunciarent,
735 2553 840 2616 sapore
869 2530 995 2614 quodam
1024 2530 1174 2595 tranlismi

73 2638 185 2700 contacti
208 2636 287 2710 sint,
310 2626 449 2720 σκληρός
471 2634 571 2697 dicere
595 2635 732 2698 consueti
755 2645 788 2698 et
805 2625 950 2718 πλήρης,
973 2654 1034 2697 uon
1056 2644 1092 2698 ut
1113 2632 1174 2719 (λη-

73 2728 129 2820 λός,
149 2729 272 2827 βηλός,
304 2756 379 2818 quae
402 2736 524 2798 no'mina
546 2756 733 2800 communem
755 2757 774 2799 a
795 2736 896 2800 verhis
919 2735 1001 2819 puris
1023 2735 1174 2819 originem

75 2840 114 2901 sod
127 2841 275 2904 diversam
291 2859 345 2922 pro
362 2858 511 2901 consonae
534 2837 739 2902 antecedentis
762 2838 904 2923 qualitate
928 2837 1172 2903 terminationem

74 2936 174 3005 hahent.
221 2941 371 3005 Similiter
389 2939 586 3005 Buttmaunus
612 2941 778 3026 ἔκπαγλος
805 2951 837 3004 et
861 2932 985 3014 πύελος
1006 2938 1172 3024 euphoniae

75 3059 146 3105 ausa
166 3066 219 3127 pro
242 3043 432 3130 ἕκπλαγλος
454 3052 485 3110 et
506 3034 651 3115 πλιλελος
675 3042 768 3106 ascita
791 3053 892 3127 putat,
924 3064 1050 3127 quorum
1072 3053 1172 3126 poste·

75 3141 122 3209 tius
141 3157 262 3210 veteres
287 3167 388 3230 parum
414 3155 482 3228 apte
507 3165 525 3208 a
547 3144 635 3218 πιλος
657 3155 810 3228 repetunt,
839 3145 965 3208 alterius
988 3155 1088 3208 autem
1111 3144 1172 3208 ori-

78 3243 157 3325 ginem
181 3249 339 3333 aliquanto
363 3247 543 3332 probabilius
572 3267 658 3330 quam
682 3248 879 3312 Buttmaunus
902 3246 1046 3330 explanat
1067 3247 1170 3332 Etym.

77 3344 203 3426 11323,
226 3349 284 3416 35.
322 3351 436 3414 Anecd.
463 3349 563 3412 Cram.
589 3348 613 3411 t.
640 3346 715 3412 156.
749 3342 819 3414 α’πὸ
847 3348 910 3414 τοῦ
938 3343 1174 3434 ἐκπλήοοομοι

78 3448 221 3539 ἔκπλογος
243 3454 304 3520 κοιλ
322 3449 509 3540 ὑπερθέσει
526 3450 704 3537 ἔκπαγλος,
727 3452 812 3535 cujus
834 3451 861 3515 si
883 3451 1023 3534 exempla
1044 3452 1175 3535 proferri

78 3567 122 3614 tou
147 3567 294 3638 possunt,
339 3566 439 3620 tamen
469 3553 607 3638 analogia
640 3553 834 3618 confirmatur
864 3553 1005 3618 similiter
1036 3553 1173 3638 figuratis

78 3714 270 3738 -—--....
319 3693 321 3698 .

130 3839 154 3907 5)
168 3841 292 3910 Alingo,
317 3845 384 3911 quod
408 3844 560 3918 inusitatum
578 3857 635 3894 essa
653 3843 733 3905 ticio,
758 3843 858 3908 legitur
874 3845 901 3895 in
919 3842 1011 3896 Galen.
1032 3843 1128 3897 comm.
1146 3844 1174 3896 in

77 3915 98 3970 la
114 3923 140 3975 tle
155 3925 227 3980 llum.
249 3928 285 3982 11.
312 3931 354 3991 12,
380 3931 440 3985 250.
467 3930 499 3983 Τ.
516 3928 587 3981 XVI.
625 3927 726 3996 Λέλεγε
754 3939 780 3982 et
805 3929 894 4001 λλλογε
918 3930 1062 3998 Hesychius
1086 3929 1172 3991 affert.

77 3999 169 4062 Iauoleno
185 4015 304 4066 vocalem
323 4016 432 4068 densant
449 4013 535 4069 asam
551 4013 660 4079 Maleas.
681 4016 729 4083 Ep.
742 4016 860 4070 LXVIII.
880 4017 1011 4068 lleracliol.
1030 4015 1114 4081 Alleg.
1127 4017 1173 4076 3³,

78 4087 122 4144 tot.
144 4096 260 4153 τετέλεκε
287 4099 419 4154 Demosth.
446 4115 472 4168 p.
498 4099 559 4162 295,
585 4101 628 4158 to.
657 4103 734 4163 1081,
756 4102 797 4157 lh.
828 4101 904 4156 otoo.
929 4100 961 4154 tt
995 4102 1038 4156 59.
1074 4102 1172 4154 Julian.

78 4172 111 4227 οἳ·
124 4179 151 4232 ll·
172 4184 440 4254 llllzrcporueeltxee
458 4187 575 4258 Thucyd.
594 4185 639 4240 VI.
659 4189 703 4242 31.
