2792 4725
206 284 281 355 396
436 330 454 340 ·-
557 280 880 351 ntssunrat'lo
906 278 970 353 tv,

206 488 284 539 ναις
304 453 519 550 δικαστήριον
540 460 605 549 σύν
626 457 755 533 Πνύκα
769 457 871 548 Ἴων,
896 456 972 551 quac
992 460 1159 586 paullulum
1179 465 1324 535 immutat

206 568 416 653 Theognostns
438 564 539 630 Grani.
548 564 598 629 ..11
619 564 675 632 23.
699 567 876 648 Πυκναῖα,
894 558 1013 652 πσερσί.
1037 566 1257 644 Πυκνίας
1217 594 1257 637 τυ
1280 576 1324 638 ἐν

125 724 130 736 .
205 665 372 757 Ἀθήναις
393 661 620 763 δικαστήριον.
652 667 729 733 Turn
750 668 864 733 refellit
881 667 1101 754 Didymomc'
1082 696 1165 760 οπερ
1187 668 1250 739 ούκ
1272 675 1323 741 εἴ·

207 793 323 863 ρηνωι·
355 768 466 847 addela
488 769 552 861 ησίρ
577 770 652 839 εἶπε
675 770 924 859 πρσιηγσρικύς
946 768 971 857 ἢ
990 769 1114 859 κυρίως
1137 772 1177 841 κύ
1200 772 1320 862 πυκνη

209 876 316 960 (urio.
339 874 524 957 πυκναία)·
557 870 601 941 ‘coi
622 872 686 961 ησίρ
708 873 852 941 πσιαύκα
874 897 919 947 ως
940 870 1116 943 ἐπίπαν’
1093 872 1163 944 απύ
1182 901 1321 964 μακρα-

207 974 426 1064 κακαλήκυων
444 973 643 1066 παράγεται,
666 972 749 1062 εύνή
767 972 900 1057 εύναία,
920 973 1007 1065 ηυρῆ
1024 976 1161 1065 ηυραία,
1182 974 1319 1067 α’νιίγκη

207 1077 395 1168 ύναηκαία·
422 1076 465 1153 oie
483 1076 612 1146 ἐπίπαν
632 1082 762 1167 εἴρηται
783 1075 838 1144 δαί
856 1076 896 1144 κύ
913 1075 1029 1164 ἅμαξα
1046 1078 1211 1167 σίμαξαία,
1233 1080 1319 1168 κίρω

208 1184 315 1271 (scrib.
339 1182 451 1269 κίρας)
473 1179 608 1267 κεραία,
637 1202 712 1266 quae
734 1181 893 1267 disputatio
918 1182 991 1263 (nisi
1012 1184 1061 1247 hic
1084 1204 1202 1268 quoque
1226 1184 1320 1247 lihra·

208 1286 323 1351 riorum
356 1306 443 1349 error
473 1284 640 1369 grassatur)
669 1284 859 1349 manifestum
885 1284 976 1361 iacit,
1014 1286 1173 1373 llidymom
1205 1307 1318 1349 nomen

207 1385 360 1457 πυκναία
379 1388 415 1449 ab
433 1387 605 1450 accusativo
622 1386 882 1473 brachycatalecto
900 1386 966 1472 τὴν
983 1384 1098 1455 πνύκα
1116 1389 1182 1453 sive
1199 1380 1318 1456 πύκνα

208 1502 399 1577 propagatum
422 1489 582 1553 credidisse
603 1488 761 1553 intellectu
785 1489 901 1553 eodem.
947 1490 1004 1555 Sed
1032 1513 1107 1576 quae
1133 1493 1321 1577 praecedunt

207 1593 240 1657 in
262 1593 335 1655 Edd.
364 1589 570 1677 Ἡρωδιανὸς
597 1586 724 1665 οὕτως·
758 1594 851 1657 ἔστιν
876 1584 940 1658 σύν
966 1584 1080 1679 πύκνη
1105 1601 1122 1638 *
1146 1602 1246 1681 κυρ*
1272 1590 1315 1660 ού

208 1689 408 1762 ύύνακαιιλὲ
393 1694 611 1780 ὲκασαλῆξαι
633 1694 716 1778 (cod
736 1686 861 1779 Πύκνη
882 1696 983 1781 αἴρων
1003 1695 1043 1762 ud
1063 1714 1100 1763 ν·
1122 1718 1168 1781 ην
1189 1719 1231 1761 συ
1222 1687 1316 1761 ’dd-

207 1810 310 1865 ναται
331 1797 456 1882 καταλη
460 1799 525 1881 ξαι)
553 1793 743 1886 ύπερετὲθη
770 1797 810 1863 κύ
830 1820 853 1863 ν
879 1799 937 1864 καλ
956 1790 1085 1884 ἐκρύπη
1106 1797 1145 1863 κύ
1166 1821 1187 1863 κ
1210 1803 1258 1872 εἰς
1279 1804 1314 1878 ξ,
1322 1840 1341 1849 -

207 1899 285 1965 hunc
305 1899 416 1963 hahere
443 1899 622 1963 sententiam
644 1899 804 1963 videntur.
841 1921 883 1964 ex
903 1893 1017 1985 πυκνή
1039 1900 1105 1965 lieri
1131 1921 1186 1985 per
1205 1900 1314 1985 aphae-

206 2003 290 2067 resin
318 2024 410 2069 πυκν
440 2012 471 2065 et
501 2001 568 2085 quia
597 2001 704 2066 literae
733 2025 774 2068 κν
803 2003 949 2089 syllabam
972 2002 1065 2069 ‘linire
1093 2024 1154 2067 non
1183 2004 1312 2089 possint,

206 2104 365 2169 metathesi
386 2096 495 2181 πνύκ,
525 2104 562 2166 ad
583 2103 720 2167 ultimum
748 2114 833 2189 trope
859 2105 989 2169 adhibita
1016 2101 1313 2183 pedemontanam.

207 2208 256 2273 Sic
276 2206 444 2273 Methodius
467 2204 568 2291 Etym
586 2206 629 2268 Μ.
653 2226 683 2289 p.
707 2203 763 2281 69,
786 2203 840 2270 34.
864 2217 896 2270 et
915 2207 1098 2290 Philemo§.
1122 2205 1176 2273 27.
1200 2202 1314 2284 cil&—

205 2303 275 2376 ύπύ
296 2308 365 2376 σύν
386 2311 433 2382 εἰς
455 2331 496 2394 κη
517 2307 680 2395 θηλυκῶν
700 2302 777 2375 κατ’
799 2304 979 2396 ύφαίρεσιν
999 2310 1063 2377 τού
1082 2334 1105 2396 η
1125 2310 1182 2378 καί
1202 2311 1315 2432 κρσπίη

205 2413 329 2487 cotia,
352 2407 395 2486 oie
416 2409 553 2497 φσινίκη
576 2414 706 2498 φοῖνιξ,
729 2407 833 2497 φρίκη
854 2409 942 2498 φρίξ,
965 2405 1066 2500 κρόκη
1087 2410 1176 2500 κρύξ,
1197 2409 1311 2501 πυκνή

67 2606 70 2611 ἱ
205 2508 304 2588 πνύξ.
348 2513 470 2578 Photius
492 2509 665 2602 Πύκνη*
641 2539 663 2600 η
686 2513 756 2593 κων
775 2509 975 2599 Ἀθηναίων
1001 2515 1173 2602 ἐκκλησία·
1205 2515 1312 2586 Klad-

206 2616 314 2702 δημος
332 2614 367 2682 dd
385 2640 468 2702 φησι
484 2613 621 2683 πύκναν
644 2620 801 2700 (accentus
821 2628 955 2700 utroque
966 2618 1061 2701 loco
1050 2640 1084 2683 ιιι
1105 2620 1170 2683 cod.
1192 2619 1313 2705 omissi)

206 2714 261 2786 deci
287 2715 326 2784 νύ
353 2717 417 2804 τήν
445 2717 641 2804 συνοίκησιν
662 2719 1035 2806 emancipationem,
1065 2732 1101 2785 ut
1121 2722 1188 2786 cod.
1213 2721 1310 2786 Coisl.

205 2820 348 2886 Aeschin.
372 2842 399 2884 c.
425 2821 508 2886 Clas.
533 2815 614 2898 396,
637 2821 701 2885 34.’
723 2826 761 2888 ἐν
782 2818 909 2914 Πύκνη
929 2825 974 2913 τῇ
994 2822 1148 2910 ἐκκλησίᾳ
1173 2825 1306 2908 praehet.

208 2922 316 3004 Quodsi
341 2922 460 2988 nomina
483 2923 536 2988 illa
556 2922 669 3012 πυκνή
692 2936 724 2988 et
743 2924 896 2993 πυκναία
921 2925 954 2988 in
977 2947 1032 2989 usu
1053 2927 1159 3002 fuere,
1189 2926 1312 3011 aprin-
1363 2965 1369 2972 »

206 3026 283 3110 cipio
307 3026 434 3090 fortasse
459 3028 560 3092 eodem
590 3027 761 3092 discrimine
789 3029 929 3092 distincta
955 3039 1028 3092 sunt
1054 3049 1113 3111 quo
1134 3025 1251 3094 Πύλαι
1277 3038 1309 3091 et

204 3126 344 3196 πυλαία.
387 3128 490 3213 Neque
512 3151 636 3214 prorsus
661 3130 739 3194 idem
762 3131 933 3214 significant
959 3127 1039 3197 ιὶλία
1066 3140 1097 3194 et
1120 3126 1309 3215 η’λιαιά,.εὶ

205 3232 322 3316 quidem
339 3231 395 3294 hoc
412 3233 447 3294 ah
464 3231 516 3295 illo
535 3233 710 3317 productum
727 3242 785 3295 cst.
814 3232 981 3316 Stephanos
998 3254 1025 3296 s.
1040 3224 1193 3300 Ἠλιαία·
1214 3228 1307 3316 παρσί

204 3331 243 3400 κύ
272 3329 345 3406 ἅλις
374 3331 524 3422 ηίηνεται
553 3331 634 3401 cilio
665 3335 723 3400 καλ
753 3328 912 3419 δεύτερον
943 3326 1149 3422 παρύγωγσν
1178 3331 1309 3419 η’λισιία.

204 3435 373 3523 Hesychius
392 3434 545 3504 Ἀλιαίαν
572 3433 636 3523 κήν
659 3434 838 3523 ἐκκλησίαν
866 3440 1093 3522 Ταραντῖνοι,
1124 3437 1214 3520 alpha
1241 3457 1307 3520 pro·

205 3538 295 3620 ducto
323 3559 379 3602 uec
408 3540 576 3622 adspirato,
618 3539 704 3621 quod·
725 3538 794 3602 fidei
823 3538 933 3622 aliquid
963 3538 1106 3604 conciliat
1131 3537 1310 3622 Goettlingii

146 3691 149 3697 .
205 3641 413 3724 conjecturae,
443 3641 603 3705 Hesiodum
626 3640 699 3726 Opp.
722 3639 798 3706 493.
827 3635 884 3710 ἐπ’
904 3637 988 3709 α’λία
1007 3640 1127 3732 λέσχην
1151 3639 1310 3726 scripsisse

199 3743 241 3806 ud
262 3741 485 3864 significandum
500 3737 624 3830 Ιυἷσλλῆ.

708 3926 816 4014 §..10

289 4039 433 4131 Quoniam
455 4071 530 4116 vero
553 4047 822 4150 Eustathiusp.
795 4049 871 4129 449,
893 4047 948 4118 49.
974 4042 1112 4120 Φωκωια
1133 4061 1165 4114 et
1175 4044 1309 4118 Νικαιω
1387 4055 1395 4060 ”

202 4107 341 4241 adjunxit
362 4153 507 4241 exemplis
529 4175 659 4241 perago„
642 4174 696 4250 vae
717 4154 751 4218 in
764 4179 829 4236 εια,
850 4149 1079 4240 Πηνελόπεια,
1091 4147 1307 4240 Ὑψιπύλεια,
