2792 4725
182 247 274 376 res
490 303 520 328 ·¹
543 292 864 368 mssrsrnmo
893 296 937 364 11.

179 483 318 574 λέσχην,
338 481 367 547 si
386 477 583 566 praesertim,
605 489 641 544 ut
661 477 865 564 Goettlingius
886 478 1069 565 suspicatur,
1092 497 1147 565 pro
1168 465 1295 567 olollp'r

180 587 276 664 valet,
298 604 397 668 neque
418 581 564 667 explicari
585 601 674 666 posse
694 581 828 646 arbitror
848 582 908 646 uisi
927 593 1064 646 sumatur
1079 582 1230 668 posterius
1252 603 1295 648 ex

180 684 290 777 αἀγής
312 679 471 774 (despair)
494 693 695 762 contractum,
717 683 800 768 prius
822 707 877 770 pro
899 678 1005 773 αὐγέα
1026 686 1078 750 vel
1099 680 1236 774 αὐγέτα,
1260 697 1296 752 ut

179 787 284 883 ἠχέτα
303 779 471 875 πορθμόν
493 787 585 872 Orph.
609 787 685 872 Arg.
711 785 806 868 1218.
831 785 943 867 (1256.
966 788 1021 871 H.)
1046 787 1200 871 scriptum.
1243 788 1296 853 Ex

180 894 293 982 ignotis
314 893 449 958 fontibus
467 891 638 977 Hesychius
660 890 760 954 hausit
776 886 896 978 Ἀρκιᾷς
917 888 1021 982 ταχύς
1042 903 1074 956 et
1089 886 1215 976 Ἀρκῶς
1236 885 1295 979 cip·

180 997 296 1079 κιτῶς,
317 996 371 1060 sed
392 994 448 1060 lucc
469 1004 560 1058 extra
581 994 717 1058 ordinem
739 1005 810 1059 ante
832 984 937 1080 ιῖρκόκ
958 994 1003 1058 sic
1024 1005 1058 1060 ut
1078 989 1201 1082 ιῖρκίως
1218 994 1294 1059 scri·

180 1101 278 1190 psisso
297 1099 452 1171 videatur,
484 1095 558 1160 illud
583 1098 712 1162 fortasse
738 1117 780 1160 ex
802 1096 994 1180 Euphorione
1020 1097 1120 1162 aliove
1146 1097 1295 1162 sermonis

181 1223 348 1290 mangone,
379 1199 431 1286 qui
451 1219 542 1284 quum
562 1194 737 1287 ποδαρκής
760 1198 850 1262 nimis
872 1199 977 1263 tritum
998 1199 1133 1276 videret,
1163 1199 1295 1265 novandi

181 1327 274 1373 causa
293 1300 402 1377 πόδας
422 1293 528 1407 α’ρκής
548 1302 715 1367 substituit.
754 1300 835 1365 Idem
852 1295 983 1392 Αὕχέες
1000 1295 1209 1392 αὐχώμιίὀι,
1230 1324 1296 1366 mu·

182 1409 302 1474 tiletum
322 1409 452 1472 forussc
473 1415 510 1469 ut
529 1403 635 1468 multa.
680 1402 791 1468 Latino
812 1414 907 1468 cotue
933 1405 1049 1469 nullum
1072 1417 1119 1470 cst
1145 1407 1222 1490 quod
1244 1425 1294 1469 re·

182 1512 327 1598 spondeat
342 1528 485 1594 graecum
501 1527 623 1583 nornen,
643 1506 759 1570 nisiex
777 1506 911 1590 genitivo
926 1506 996 1572 coir
1011 1506 1175 1575 διακτὲωα
1191 1506 1292 1571 Schcl.

182 1613 270 1700 Hipp.
296 1611 334 1675 Τ.
357 1609 382 1673 l.
405 1607 461 1677 23.
490 1609 602 1694 aliquid
625 1609 726 1694 colligi
750 1619 860 1694 potest.
906 1608 941 1672 ln
964 1609 1076 1696 Geopp.
1101 1609 1213 1676 XVlll.
1238 1608 1292 1686 17,

182 1717 217 1782 1.
251 1712 314 1783 lde
343 1711 380 1780 cll
406 1715 443 1778 ἐκ
473 1711 703 1801 βλαβεστέρας
734 1707 847 1798 eupasia
877 1708 1030 1805 διοιδῆσῃ
1060 1709 1125 1801 τήν
1150 1710 1293 1794 κοιλίαν,

171 1814 262 1904 'quod
287 1817 439 1901 interpres
466 1814 566 1880 reddit
592 1835 637 1878 aa·
661 1817 839 1879 recentiori
855 1816 992 1900 pabulo,
1031 1817 1219 1882 scribendum
1247 1825 1294 1880 est

82 1982 89 2000 .
173 1917 469 2012 βλαδαρεσκέρας,
490 1928 527 1982 ut
545 1916 578 1980 in
602 1915 711 1982 Galeri
734 1917 889 1982 Glossaric
910 1941 965 2005 pro
985 1917 1160 2008 Βλαβεραί
1180 1915 1294 2007 ὑγραί,

181 2017 346 2114 petridem
375 2031 460 2087 recte
490 2020 667 2085 emendatur
696 2017 884 2109 pilcdopot',
928 2022 1005 2106 quod
1036 2034 1193 2108 cognatum
1226 2044 1294 2088 cum

181 2121 358 2216 πλαδαρόν
381 2124 413 2187 id
433 2133 482 2188 est
502 2119 647 2212 χαῦκοκ,
668 2117 833 2202 dorsete,
855 2115 977 2211 ὑγρόν,
1008 2134 1040 2188 ct
1062 2147 1128 2190 oum
1150 2125 1295 2212 Hesychii

183 2228 292 2315 glossis
313 2225 459 2300 Bludetr
479 2216 661 2312 (idcircum,
684 2221 822 2292 Βλαδόα
844 2219 970 2312 ἄωρον.
991 2235 996 2252 ’
1014 2226 1095 2292 Idem
1117 2227 1202 2292 nobis
1224 2249 1295 2312 sug·

182 2331 265 2417 gerit
290 2333 434 2417 Apscede
462 2324 649 2416 δρακαικοί,
680 2321 768 2395 ὅθεν
796 2327 854 2396 καὶ
881 2323 1056 2419 ἀδρανεῖς,
1092 2331 1177 2418 cujus
1205 2349 1295 2396 causa

181 2436 312 2499 fortasse
338 2431 414 2497 illud
440 2430 543 2495 lictum
570 2440 619 2494 est
638 2430 719 2496 sicut
739 2427 837 2517 αἰὸής
857 2434 895 2496 ad
917 2434 1126 2518 explicandum
1152 2428 1295 2519 α’καιδής

181 2537 286 2623 Etym.
304 2535 348 2600 M.
369 2530 518 2609 101,13.
541 2532 693 2618 multaque
715 2533 824 2599 similia
844 2536 877 2599 in
898 2547 964 2601 arte
985 2549 1149 2621 ponuntur.
1190 2536 1293 2601 Paullo

182 2649 254 2705 ante
281 2639 350 2703 loco
376 2635 479 2700 alieno
504 2634 588 2720 (post
613 2632 720 2721 Διίξα)
748 2640 835 2705 Aust
858 2632 966 2727 κόσῳ,
997 2643 1186 2728 ἐπικρατεῖ·
1223 2660 1295 2705 con·

132 2733 135 2738 ’
179 2743 320 2829 junctum
340 2737 471 2803 fortasse
493 2760 561 2802 eum
582 2734 656 2808 Δᾶκ
676 2740 832 2828 μακρῶς,
857 2739 969 2809 πολύν
988 2735 1130 2831 χρόνον,
1157 2742 1295 2827 idemque

182 2843 359 2929 significans
377 2861 445 2905 eum
461 2832 599 2927 dpecedr
612 2843 670 2925 ¹⁴).
696 2842 798 2929 Etym.
813 2844 856 2909 M.
876 2843 980 2920 διικές
992 2844 1192 2934 περιφανές,
1210 2846 1296 2932 too

181 2938 285 3033 πρόκ,
306 2941 446 3031 ὅμοιον·
476 2935 644 3032 γράφεται
664 2944 701 3012 dt
722 2946 779 3014 καὶ
799 2945 929 3029 devoir,
960 2969 1018 3032 quo
1039 2948 1071 3013 iu
1093 2948 1295 3033 explicatione

183 3048 329 3115 homerici
350 3042 489 3121 ιῖδιαιιὲς
509 3057 542 3111 et
561 3044 781 3117 molcdsoes'o'
793 3044 913 3139 φωνήν
934 3051 982 3115 osi
1000 3051 1152 3115 videntur.
1182 3044 1296 3138 'Epeo-

182 3146 255 3238 θήρ
274 3150 388 3236 legitur
408 3150 484 3235 apud
505 3151 632 3217 Aratum
653 3163 686 3217 et
707 3153 869 3239 Oppianum
892 3154 970 3241 Cyn.
989 3152 1042 3217 111.
1065 3152 1120 3218 91.
1160 3151 1295 3238 Longius

183 3274 204 3319 a
229 3253 317 3320 verbi
342 3252 537 3319 similitudine
564 3254 727 3321 deflectunt
752 3278 828 3341 quae
854 3257 1023 3345 Hesychius
1050 3257 1166 3341 profert
1190 3251 1296 3323 Ἠκέα

182 3352 261 3432 ὀξέα
282 3364 313 3421 et
332 3349 433 3429 Ἠιιές
454 3347 528 3434 ὀξύ,
551 3369 586 3423 ut
606 3369 638 3425 et
655 3349 796 3446 ἠκεκής,
818 3380 876 3445 quo
897 3360 1047 3425 Maximus
1070 3358 1166 3424 utitur
1186 3379 1219 3424 v.
1238 3358 1293 3425 61.

182 3468 349 3556 ppaeeuute
370 3458 551 3545 Empedocle
578 3482 611 3528 r.
633 3461 744 3527 Lelrs.
767 3462 790 3526 l.
814 3483 842 3526 c.
866 3483 896 3546 p.
920 3460 973 3526 35.
1002 3454 1153 3549 Ἠρεμής
1178 3462 1212 3525 iu
1233 3482 1295 3554 usu

183 3562 280 3627 luisse
308 3582 352 3627 ex
379 3562 584 3660 comparptivo
614 3559 837 3655 ἠρεμέστερος
867 3564 978 3631 vitiose
1010 3564 1125 3649 colligit
1154 3564 1296 3631 Storzius

184 3661 295 3748 Optnso.
318 3683 349 3748 p.
372 3660 450 3730 236.
476 3666 555 3752 quod
575 3667 603 3731 si
623 3669 743 3752 probari
764 3679 882 3756 posset,
912 3680 1014 3733 umen
1036 3689 1098 3731 non
1119 3669 1215 3753 magis
1236 3667 1296 3733 hue

184 3764 297 3831 referri
317 3776 473 3851 oporteret
495 3789 583 3853 quam
604 3764 734 3859 σαφής,
761 3763 928 3861 deceperis,
956 3764 1104 3860 eouopp'r
1131 3770 1225 3836 semel
1250 3770 1296 3835 lc-

184 3878 280 3947 ⁶l¹¹ffis
303 3880 336 3936 0⁸
355 3860 518 3958 λιπαρής,
538 3892 559 3935 a
578 3873 686 3957 quidus
706 3876 799 3941 verba
820 3883 999 3953 nascuntur,
1021 3873 1086 3961 ipsa
1106 3882 1207 3939 autem
1224 3892 1295 3938 ver-

182 4022 397 4041 Μ

200 4081 204 4087 ⁵
253 4106 300 4176 1⁴)
323 4106 402 4177 Quod
414 4112 535 4185 sequitur
551 4107 628 4169 Δαὸκ
642 4107 821 4189 πολυχρόνιον
842 4125 889 4171 aut
910 4134 956 4188 pro
973 4111 1059 4185 δαρόν
1074 4120 1225 4182 corruptum
1247 4120 1296 4165 eut

184 4194 265 4263 ¹¹¹¹ll¹⁸
280 4195 441 4265 Plillffim
458 4207 515 4265 ⁰³²3
542 4214 590 4269 pro
605 4196 724 4274 Διακδὴι
739 4197 915 4277 πολαχρόκιιι
930 4204 1043 4259 fortasse
1062 4196 1159 4272 αἶακὴς
1177 4200 1291 4269 scripsit.
1364 4216 1369 4221 ·
