<?xml version="1.0" encoding="UTF-8"?>
<!DOCTYPE html PUBLIC "-//W3C//DTD XHTML 1.0 Transitional//EN"
    "http://www.w3.org/TR/xhtml1/DTD/xhtml1-transitional.dtd">
<html xmlns="http://www.w3.org/1999/xhtml" xml:lang="en" lang="en">
 <head>
  <title>
</title>
<meta http-equiv="Content-Type" content="text/html;charset=utf-8" />
  <meta name='ocr-system' content='tesseract 3.04.00' />
  <meta name='ocr-capabilities' content='ocr_page ocr_carea ocr_par ocr_line ocrx_word'/>
</head>
<body>
  <div class='ocr_page' id='page_1' title='image "./paralipomenagra02lobegoog_0404.png"; bbox 0 0 2792 4725; ppageno 0'>
   <div class='ocr_carea' id='block_1_1' title="bbox 175 318 929 398">
    <p class='ocr_par' dir='ltr' id='par_1_1' title="bbox 175 318 929 398">
     <span class='ocr_line' id='line_1_1' title="bbox 175 318 929 398; baseline 0.004 -3"><span class='ocrx_word' id='word_1_1' title='bbox 175 324 246 395; x_wconf 70' lang='grc'><strong>576</strong></span> <span class='ocrx_word' id='word_1_2' title='bbox 303 362 357 371; x_wconf 88' lang='grc'><strong>··</strong></span> <span class='ocrx_word' id='word_1_3' title='bbox 442 371 449 390; x_wconf 66' lang='grc' dir='ltr'><strong><em>ι</em></strong></span> <span class='ocrx_word' id='word_1_4' title='bbox 539 318 861 397; x_wconf 77' lang='lat' dir='ltr'><strong>u1ssuuuav10</strong></span> <span class='ocrx_word' id='word_1_5' title='bbox 887 328 929 398; x_wconf 78' lang='lat' dir='ltr'><strong>V.</strong></span> 
     </span>
    </p>
   </div>
   <div class='ocr_carea' id='block_1_2' title="bbox 104 503 1291 3574">
    <p class='ocr_par' dir='ltr' id='par_1_2' title="bbox 104 503 1291 3574">
     <span class='ocr_line' id='line_1_2' title="bbox 174 503 1291 601; baseline 0.004 -22"><span class='ocrx_word' id='word_1_6' title='bbox 174 513 270 601; x_wconf 77' lang='lat' dir='ltr'><strong>igitur</strong></span> <span class='ocrx_word' id='word_1_7' title='bbox 290 530 381 576; x_wconf 80' lang='lat' dir='ltr'><strong>eausa</strong></span> <span class='ocrx_word' id='word_1_8' title='bbox 401 520 449 574; x_wconf 85' lang='lat' dir='ltr'><strong>est</strong></span> <span class='ocrx_word' id='word_1_9' title='bbox 472 528 528 574; x_wconf 82' lang='lat' dir='ltr'><strong>aur</strong></span> <span class='ocrx_word' id='word_1_10' title='bbox 543 503 761 598; x_wconf 65' lang='grc' dir='ltr'><strong><em>διιριδοδῆρα</em></strong></span> <span class='ocrx_word' id='word_1_11' title='bbox 781 511 943 577; x_wconf 77' lang='grc' dir='ltr'><strong><em>ἸΊιοοοιίιο</em></strong></span> <span class='ocrx_word' id='word_1_12' title='bbox 964 512 1060 577; x_wconf 84' lang='lat' dir='ltr'><strong>eximi</strong></span> <span class='ocrx_word' id='word_1_13' title='bbox 1081 515 1192 594; x_wconf 93' lang='lat' dir='ltr'><strong>nolim,</strong></span> <span class='ocrx_word' id='word_1_14' title='bbox 1225 517 1291 583; x_wconf 80' lang='lat' dir='ltr'><strong>etsi</strong></span> 
     </span>
     <span class='ocr_line' id='line_1_3' title="bbox 174 612 1290 703; baseline 0.004 -22"><span class='ocrx_word' id='word_1_15' title='bbox 174 617 256 681; x_wconf 89' lang='lat' dir='ltr'><strong>aliud</strong></span> <span class='ocrx_word' id='word_1_16' title='bbox 282 613 371 700; x_wconf 85' lang='lat' dir='ltr'><strong>hujus</strong></span> <span class='ocrx_word' id='word_1_17' title='bbox 397 612 624 697; x_wconf 82' lang='lat' dir='ltr'><strong>signibeationis</strong></span> <span class='ocrx_word' id='word_1_18' title='bbox 653 613 824 698; x_wconf 82' lang='lat' dir='ltr'><strong>exemplum</strong></span> <span class='ocrx_word' id='word_1_19' title='bbox 851 612 961 679; x_wconf 76' lang='lat' dir='ltr'><strong>ad&#39;erre</strong></span> <span class='ocrx_word' id='word_1_20' title='bbox 989 636 1135 701; x_wconf 78' lang='grc' dir='ltr'><strong><em>ιιοφιοιιιι</em></strong></span> <span class='ocrx_word' id='word_1_21' title='bbox 1162 630 1290 703; x_wconf 87' lang='lat' dir='ltr'><strong>praeter</strong></span> 
     </span>
     <span class='ocr_line' id='line_1_4' title="bbox 173 707 1287 806; baseline 0.002 -23"><span class='ocrx_word' id='word_1_22' title='bbox 173 728 315 783; x_wconf 83' lang='lat' dir='ltr'><strong>neutrum</strong></span> <span class='ocrx_word' id='word_1_23' title='bbox 334 707 530 801; x_wconf 75' lang='grc' dir='ltr'><strong><em>οιιόθηρον.</em></strong></span> <span class='ocrx_word' id='word_1_24' title='bbox 566 714 598 777; x_wconf 86' lang='lat' dir='ltr'><strong>Si</strong></span> <span class='ocrx_word' id='word_1_25' title='bbox 616 736 691 780; x_wconf 86' lang='lat' dir='ltr'><strong>vero</strong></span> <span class='ocrx_word' id='word_1_26' title='bbox 710 716 785 780; x_wconf 80' lang='lat' dir='ltr'><strong>bare</strong></span> <span class='ocrx_word' id='word_1_27' title='bbox 801 718 872 793; x_wconf 91' lang='lat' dir='ltr'><strong>duo,</strong></span> <span class='ocrx_word' id='word_1_28' title='bbox 895 737 973 805; x_wconf 85' lang='lat' dir='ltr'><strong>quae</strong></span> <span class='ocrx_word' id='word_1_29' title='bbox 994 720 1081 784; x_wconf 88' lang='lat' dir='ltr'><strong>modo</strong></span> <span class='ocrx_word' id='word_1_30' title='bbox 1101 722 1287 806; x_wconf 83' lang='lat' dir='ltr'><strong>perstrinxi,</strong></span> 
     </span>
     <span class='ocr_line' id='line_1_5' title="bbox 175 813 1291 910; baseline 0.004 -24"><span class='ocrx_word' id='word_1_31' title='bbox 175 821 322 906; x_wconf 76' lang='lat' dir='ltr'><strong>adjectiva</strong></span> <span class='ocrx_word' id='word_1_32' title='bbox 343 827 426 893; x_wconf 88' lang='lat' dir='ltr'><strong>sunt,</strong></span> <span class='ocrx_word' id='word_1_33' title='bbox 450 818 477 883; x_wconf 91' lang='lat' dir='ltr'><strong>si</strong></span> <span class='ocrx_word' id='word_1_34' title='bbox 498 813 648 907; x_wconf 77' lang='grc' dir='ltr'><strong><em>ιιννδγχη</em></strong></span> <span class='ocrx_word' id='word_1_35' title='bbox 669 839 785 902; x_wconf 85' lang='lat' dir='ltr'><strong>quoque</strong></span> <span class='ocrx_word' id='word_1_36' title='bbox 806 820 902 883; x_wconf 87' lang='lat' dir='ltr'><strong>morbi</strong></span> <span class='ocrx_word' id='word_1_37' title='bbox 921 841 1044 897; x_wconf 88' lang='lat' dir='ltr'><strong>nomen,</strong></span> <span class='ocrx_word' id='word_1_38' title='bbox 1067 824 1146 910; x_wconf 91' lang='lat' dir='ltr'><strong>qnod</strong></span> <span class='ocrx_word' id='word_1_39' title='bbox 1167 835 1200 888; x_wconf 86' lang='lat' dir='ltr'><strong>et</strong></span> <span class='ocrx_word' id='word_1_40' title='bbox 1222 820 1291 890; x_wconf 78' lang='grc' dir='ltr'><strong>κδ-</strong></span> 
     </span>
     <span class='ocr_line' id='line_1_6' title="bbox 172 919 1289 1012; baseline 0.004 -25"><span class='ocrx_word' id='word_1_41' title='bbox 172 945 298 1012; x_wconf 83' lang='grc' dir='ltr'><strong><em>ναγχος</em></strong></span> <span class='ocrx_word' id='word_1_42' title='bbox 318 921 439 998; x_wconf 86' lang='lat' dir='ltr'><strong>dieitur,</strong></span> <span class='ocrx_word' id='word_1_43' title='bbox 466 922 534 1004; x_wconf 86' lang='lat' dir='ltr'><strong>quid</strong></span> <span class='ocrx_word' id='word_1_44' title='bbox 556 919 609 983; x_wconf 86' lang='lat' dir='ltr'><strong>illa</strong></span> <span class='ocrx_word' id='word_1_45' title='bbox 630 921 773 985; x_wconf 85' lang='lat' dir='ltr'><strong>videntur</strong></span> <span class='ocrx_word' id='word_1_46' title='bbox 792 944 869 1006; x_wconf 79' lang='lat' dir='ltr'><strong>quse</strong></span> <span class='ocrx_word' id='word_1_47' title='bbox 889 944 909 986; x_wconf 85' lang='lat' dir='ltr'><strong>a</strong></span> <span class='ocrx_word' id='word_1_48' title='bbox 929 924 1098 988; x_wconf 84' lang='lat' dir='ltr'><strong>nominibus</strong></span> <span class='ocrx_word' id='word_1_49' title='bbox 1119 927 1289 1011; x_wconf 74' lang='lat' dir='ltr'><strong>composita</strong></span> 
     </span>
     <span class='ocr_line' id='line_1_7' title="bbox 174 1017 1290 1116; baseline 0.005 -27"><span class='ocrx_word' id='word_1_50' title='bbox 174 1028 270 1090; x_wconf 78' lang='lat' dir='ltr'><strong>sunt?</strong></span> <span class='ocrx_word' id='word_1_51' title='bbox 300 1024 397 1088; x_wconf 86' lang='lat' dir='ltr'><strong>Vinea</strong></span> <span class='ocrx_word' id='word_1_52' title='bbox 418 1044 479 1085; x_wconf 93' lang='lat' dir='ltr'><strong>uon</strong></span> <span class='ocrx_word' id='word_1_53' title='bbox 500 1023 597 1085; x_wconf 89' lang='lat' dir='ltr'><strong>solum</strong></span> <span class='ocrx_word' id='word_1_54' title='bbox 619 1017 800 1090; x_wconf 83' lang='grc' dir='ltr'><strong><em>οἰνόπιδον</em></strong></span> <span class='ocrx_word' id='word_1_55' title='bbox 821 1025 931 1088; x_wconf 87' lang='lat' dir='ltr'><strong>dieitur</strong></span> <span class='ocrx_word' id='word_1_56' title='bbox 951 1035 985 1089; x_wconf 90' lang='lat' dir='ltr'><strong>nt</strong></span> <span class='ocrx_word' id='word_1_57' title='bbox 1006 1018 1197 1105; x_wconf 75' lang='grc' dir='ltr'><strong><em>οἰκόπεδον,</em></strong></span> <span class='ocrx_word' id='word_1_58' title='bbox 1218 1022 1290 1116; x_wconf 77' lang='grc' dir='ltr'><strong>γή-</strong></span> 
     </span>
     <span class='ocr_line' id='line_1_8' title="bbox 171 1119 1288 1216; baseline 0 -19"><span class='ocrx_word' id='word_1_59' title='bbox 171 1126 295 1203; x_wconf 76' lang='grc' dir='ltr'><strong><em>πεδον,</em></strong></span> <span class='ocrx_word' id='word_1_60' title='bbox 320 1124 547 1200; x_wconf 77' lang='grc' dir='ltr'><strong><em>λατκόιιεδον,</em></strong></span> <span class='ocrx_word' id='word_1_61' title='bbox 572 1119 783 1215; x_wconf 69' lang='grc' dir='ltr'><strong><em>ὀρχίπεδον,</em></strong></span> <span class='ocrx_word' id='word_1_62' title='bbox 802 1127 855 1190; x_wconf 88' lang='lat' dir='ltr'><strong>sed</strong></span> <span class='ocrx_word' id='word_1_63' title='bbox 879 1128 970 1191; x_wconf 84' lang='lat' dir='ltr'><strong>otiam</strong></span> <span class='ocrx_word' id='word_1_64' title='bbox 993 1129 1173 1216; x_wconf 74' lang='lat' dir='ltr'><strong>olvom&#39;dp,</strong></span> <span class='ocrx_word' id='word_1_65' title='bbox 1203 1133 1288 1215; x_wconf 86' lang='lat' dir='ltr'><strong>qnod</strong></span> 
     </span>
     <span class='ocr_line' id='line_1_9' title="bbox 172 1228 1287 1318; baseline 0.002 -23"><span class='ocrx_word' id='word_1_66' title='bbox 172 1231 353 1316; x_wconf 74' lang='lat' dir='ltr'><strong>adjectivum</strong></span> <span class='ocrx_word' id='word_1_67' title='bbox 376 1250 444 1293; x_wconf 85' lang='lat' dir='ltr'><strong>esse</strong></span> <span class='ocrx_word' id='word_1_68' title='bbox 465 1228 522 1292; x_wconf 86' lang='lat' dir='ltr'><strong>boo</strong></span> <span class='ocrx_word' id='word_1_69' title='bbox 544 1228 661 1292; x_wconf 84' lang='lat' dir='ltr'><strong>iaoilius</strong></span> <span class='ocrx_word' id='word_1_70' title='bbox 684 1228 870 1305; x_wconf 75' lang='lat' dir='ltr'><strong>adducimur,</strong></span> <span class='ocrx_word' id='word_1_71' title='bbox 892 1231 970 1313; x_wconf 91' lang='lat' dir='ltr'><strong>quod</strong></span> <span class='ocrx_word' id='word_1_72' title='bbox 989 1230 1139 1316; x_wconf 78' lang='lat' dir='ltr'>Oppianus</span> <span class='ocrx_word' id='word_1_73' title='bbox 1160 1234 1287 1318; x_wconf 76' lang='lat' dir='ltr'>scripsit</span> 
     </span>
     <span class='ocr_line' id='line_1_10' title="bbox 174 1328 1287 1420; baseline 0.002 -23"><span class='ocrx_word' id='word_1_74' title='bbox 174 1334 254 1420; x_wconf 85' lang='lat' dir='ltr'><strong>Cyn.</strong></span> <span class='ocrx_word' id='word_1_75' title='bbox 279 1331 332 1396; x_wconf 90' lang='lat' dir='ltr'><strong>lv.</strong></span> <span class='ocrx_word' id='word_1_76' title='bbox 354 1330 430 1395; x_wconf 77' lang='lat'><strong>331.</strong></span> <span class='ocrx_word' id='word_1_77' title='bbox 460 1329 656 1418; x_wconf 74' lang='lat' dir='ltr'><strong>otvontdpoe</strong></span> <span class='ocrx_word' id='word_1_78' title='bbox 678 1328 948 1420; x_wconf 74' lang='grc' dir='ltr'><strong><em>φντηιιογοίῃοιν,</em></strong></span> <span class='ocrx_word' id='word_1_79' title='bbox 977 1334 1202 1399; x_wconf 83' lang='lat' dir='ltr'><strong>ab&#39;ebneidero</strong></span> <span class='ocrx_word' id='word_1_80' title='bbox 1225 1337 1287 1399; x_wconf 84' lang='lat' dir='ltr'><strong>inn-</strong></span> 
     </span>
     <span class='ocr_line' id='line_1_11' title="bbox 172 1433 1285 1518; baseline 0.004 -19"><span class='ocrx_word' id='word_1_81' title='bbox 172 1446 318 1499; x_wconf 83' lang='lat' dir='ltr'><strong>mutatum</strong></span> <span class='ocrx_word' id='word_1_82' title='bbox 345 1434 397 1497; x_wconf 89' lang='lat' dir='ltr'><strong>sed</strong></span> <span class='ocrx_word' id='word_1_83' title='bbox 418 1434 540 1518; x_wconf 86' lang='lat' dir='ltr'><strong>injuria.</strong></span> <span class='ocrx_word' id='word_1_84' title='bbox 587 1433 617 1496; x_wconf 90' lang='lat' dir='ltr'><strong>Si</strong></span> <span class='ocrx_word' id='word_1_85' title='bbox 632 1434 859 1496; x_wconf 87' lang='lat' dir='ltr'><strong>substantivum</strong></span> <span class='ocrx_word' id='word_1_86' title='bbox 884 1454 952 1499; x_wconf 80' lang='lat' dir='ltr'><strong>esso</strong></span> <span class='ocrx_word' id='word_1_87' title='bbox 974 1436 1141 1513; x_wconf 83' lang='lat' dir='ltr'><strong>eredimus,</strong></span> <span class='ocrx_word' id='word_1_88' title='bbox 1170 1438 1285 1503; x_wconf 84' lang='lat' dir='ltr'><strong>mirum</strong></span> 
     </span>
     <span class='ocr_line' id='line_1_12' title="bbox 173 1535 1286 1621; baseline 0.002 -19"><span class='ocrx_word' id='word_1_89' title='bbox 173 1548 221 1603; x_wconf 89' lang='lat' dir='ltr'><strong>est</strong></span> <span class='ocrx_word' id='word_1_90' title='bbox 243 1559 298 1602; x_wconf 85' lang='lat' dir='ltr'><strong>our</strong></span> <span class='ocrx_word' id='word_1_91' title='bbox 318 1536 513 1621; x_wconf 77' lang='lat' dir='ltr'><strong>compositum</strong></span> <span class='ocrx_word' id='word_1_92' title='bbox 538 1535 614 1598; x_wconf 87' lang='lat' dir='ltr'><strong>alius</strong></span> <span class='ocrx_word' id='word_1_93' title='bbox 636 1536 676 1599; x_wconf 91' lang='lat' dir='ltr'><strong>sit</strong></span> <span class='ocrx_word' id='word_1_94' title='bbox 698 1536 819 1619; x_wconf 82' lang='lat' dir='ltr'><strong>generis</strong></span> <span class='ocrx_word' id='word_1_95' title='bbox 847 1542 879 1599; x_wconf 86' lang='lat' dir='ltr'><strong>et</strong></span> <span class='ocrx_word' id='word_1_96' title='bbox 903 1537 1125 1603; x_wconf 73' lang='lat' dir='ltr'><strong>terminationis</strong></span> <span class='ocrx_word' id='word_1_97' title='bbox 1152 1560 1188 1603; x_wconf 91' lang='lat' dir='ltr'><strong>ae</strong></span> <span class='ocrx_word' id='word_1_98' title='bbox 1208 1541 1286 1604; x_wconf 87' lang='lat' dir='ltr'><strong>sim·</strong></span> 
     </span>
     <span class='ocr_line' id='line_1_13' title="bbox 172 1637 1283 1727; baseline 0.002 -23"><span class='ocrx_word' id='word_1_99' title='bbox 172 1641 264 1727; x_wconf 76' lang='lat' dir='ltr'><strong>plus,</strong></span> <span class='ocrx_word' id='word_1_100' title='bbox 296 1659 393 1722; x_wconf 84' lang='lat' dir='ltr'><strong>nequo</strong></span> <span class='ocrx_word' id='word_1_101' title='bbox 414 1637 470 1701; x_wconf 87' lang='lat' dir='ltr'><strong>boa</strong></span> <span class='ocrx_word' id='word_1_102' title='bbox 491 1638 587 1701; x_wconf 89' lang='lat' dir='ltr'><strong>solum</strong></span> <span class='ocrx_word' id='word_1_103' title='bbox 601 1638 645 1703; x_wconf 82' lang='lat' dir='ltr'><strong>in</strong></span> <span class='ocrx_word' id='word_1_104' title='bbox 667 1637 829 1724; x_wconf 76' lang='grc' dir='ltr'><strong><em>οἶνοπέδη</em></strong></span> <span class='ocrx_word' id='word_1_105' title='bbox 851 1638 974 1703; x_wconf 85' lang='lat' dir='ltr'><strong>eveniat</strong></span> <span class='ocrx_word' id='word_1_106' title='bbox 999 1640 1052 1704; x_wconf 88' lang='lat' dir='ltr'><strong>sed</strong></span> <span class='ocrx_word' id='word_1_107' title='bbox 1076 1641 1109 1703; x_wconf 93' lang='lat' dir='ltr'><strong>in</strong></span> <span class='ocrx_word' id='word_1_108' title='bbox 1131 1641 1283 1727; x_wconf 82' lang='lat' dir='ltr'><strong>pluribus,</strong></span> 
     </span>
     <span class='ocr_line' id='line_1_14' title="bbox 104 1731 1286 1832; baseline 0.001 -25"><span class='ocrx_word' id='word_1_109' title='bbox 104 1746 108 1751; x_wconf 85' lang='lat'>&#39;</span> <span class='ocrx_word' id='word_1_110' title='bbox 170 1733 352 1832; x_wconf 77' lang='grc' dir='ltr'><strong><em>ιιιναχδρα,</em></strong></span> <span class='ocrx_word' id='word_1_111' title='bbox 373 1731 591 1826; x_wconf 76' lang='grc' dir='ltr'><strong><em>λιμδψιορος,</em></strong></span> <span class='ocrx_word' id='word_1_112' title='bbox 614 1736 780 1828; x_wconf 77' lang='grc' dir='ltr'><strong><em>βδανλος,</em></strong></span> <span class='ocrx_word' id='word_1_113' title='bbox 801 1741 992 1827; x_wconf 78' lang='grc' dir='ltr'><strong><em>μέταυλος,</em></strong></span> <span class='ocrx_word' id='word_1_114' title='bbox 1021 1744 1098 1826; x_wconf 92' lang='lat' dir='ltr'><strong>quod</strong></span> <span class='ocrx_word' id='word_1_115' title='bbox 1120 1753 1153 1808; x_wconf 88' lang='lat' dir='ltr'><strong>et</strong></span> <span class='ocrx_word' id='word_1_116' title='bbox 1172 1756 1286 1808; x_wconf 74' lang='lat' dir='ltr'><strong>neuun</strong></span> 
     </span>
     <span class='ocr_line' id='line_1_15' title="bbox 172 1836 1286 1933; baseline 0.003 -25"><span class='ocrx_word' id='word_1_117' title='bbox 172 1866 285 1931; x_wconf 79' lang='lat' dir='ltr'><strong>genere</strong></span> <span class='ocrx_word' id='word_1_118' title='bbox 307 1843 418 1909; x_wconf 82' lang='lat' dir='ltr'><strong>dieitur</strong></span> <span class='ocrx_word' id='word_1_119' title='bbox 437 1840 477 1908; x_wconf 88' lang='grc' dir='ltr'><strong>τδ</strong></span> <span class='ocrx_word' id='word_1_120' title='bbox 496 1843 672 1929; x_wconf 84' lang='grc' dir='ltr'><strong><em>μεόαιιλον</em></strong></span> <span class='ocrx_word' id='word_1_121' title='bbox 693 1855 728 1909; x_wconf 92' lang='lat' dir='ltr'><strong>ut</strong></span> <span class='ocrx_word' id='word_1_122' title='bbox 747 1836 919 1932; x_wconf 68' lang='grc' dir='ltr'><strong><em>γοοδλοφος</em></strong></span> <span class='ocrx_word' id='word_1_123' title='bbox 942 1855 974 1908; x_wconf 90' lang='lat' dir='ltr'><strong>et</strong></span> <span class='ocrx_word' id='word_1_124' title='bbox 993 1838 1178 1933; x_wconf 75' lang='grc' dir='ltr'><strong><em>γεώλοφον.</em></strong></span> <span class='ocrx_word' id='word_1_125' title='bbox 1222 1848 1286 1911; x_wconf 80' lang='lat' dir='ltr'><strong>Sed</strong></span> 
     </span>
     <span class='ocr_line' id='line_1_16' title="bbox 172 1946 1283 2033; baseline 0.002 -22"><span class='ocrx_word' id='word_1_126' title='bbox 172 1968 247 2033; x_wconf 82' lang='lat' dir='ltr'><strong>quae</strong></span> <span class='ocrx_word' id='word_1_127' title='bbox 275 1946 450 2031; x_wconf 86' lang='lat' dir='ltr'><strong>simplioium</strong></span> <span class='ocrx_word' id='word_1_128' title='bbox 478 1947 736 2011; x_wconf 74' lang='lat' dir='ltr'><strong>substantivorum</strong></span> <span class='ocrx_word' id='word_1_129' title='bbox 764 1947 891 2010; x_wconf 81' lang='lat' dir='ltr'><strong>formam</strong></span> <span class='ocrx_word' id='word_1_130' title='bbox 919 1948 1054 2012; x_wconf 80' lang='lat' dir='ltr'><strong>retinent</strong></span> <span class='ocrx_word' id='word_1_131' title='bbox 1080 1949 1283 2029; x_wconf 74' lang='lat' dir='ltr'><strong>immutatam,</strong></span> 
     </span>
     <span class='ocr_line' id='line_1_17' title="bbox 170 2040 1286 2137; baseline 0.002 -20"><span class='ocrx_word' id='word_1_132' title='bbox 170 2045 363 2137; x_wconf 75' lang='grc' dir='ltr'><strong><em>δδρομδλη,</em></strong></span> <span class='ocrx_word' id='word_1_133' title='bbox 387 2047 597 2124; x_wconf 61' lang='lat' dir='ltr'><strong>autumate,</strong></span> <span class='ocrx_word' id='word_1_134' title='bbox 619 2040 832 2135; x_wconf 70' lang='lat' dir='ltr'><strong>produovdo,</strong></span> <span class='ocrx_word' id='word_1_135' title='bbox 854 2044 1071 2127; x_wconf 75' lang='grc' dir='ltr'><strong><em>ὄξνοῖιιανθα,</em></strong></span> <span class='ocrx_word' id='word_1_136' title='bbox 1094 2049 1286 2119; x_wconf 78' lang='grc' dir='ltr'><strong><em>λονιιδιιαν·</em></strong></span> 
     </span>
     <span class='ocr_line' id='line_1_18' title="bbox 170 2144 1286 2241; baseline -0.001 -20"><span class='ocrx_word' id='word_1_137' title='bbox 170 2160 236 2230; x_wconf 78' lang='grc' dir='ltr'><strong>θα,</strong></span> <span class='ocrx_word' id='word_1_138' title='bbox 259 2145 477 2239; x_wconf 65' lang='lat' dir='ltr'><strong>londoardo,</strong></span> <span class='ocrx_word' id='word_1_139' title='bbox 500 2144 711 2241; x_wconf 82' lang='grc' dir='ltr'><strong><em>δλόοχοινος,</em></strong></span> <span class='ocrx_word' id='word_1_140' title='bbox 733 2145 942 2241; x_wconf 78' lang='grc' dir='ltr'><strong><em>ὄξύσχοινος,</em></strong></span> <span class='ocrx_word' id='word_1_141' title='bbox 963 2151 1099 2238; x_wconf 76' lang='grc' dir='ltr'><strong><em>τρίοδος</em></strong></span> <span class='ocrx_word' id='word_1_142' title='bbox 1119 2166 1179 2219; x_wconf 83' lang='lat' dir='ltr'><strong>eto.</strong></span> <span class='ocrx_word' id='word_1_143' title='bbox 1201 2156 1286 2241; x_wconf 72' lang='lat' dir='ltr'><strong>pari·</strong></span> 
     </span>
     <span class='ocr_line' id='line_1_19' title="bbox 170 2250 1285 2343; baseline 0.001 -23"><span class='ocrx_word' id='word_1_144' title='bbox 170 2258 227 2320; x_wconf 89' lang='lat' dir='ltr'><strong>bus</strong></span> <span class='ocrx_word' id='word_1_145' title='bbox 247 2256 388 2339; x_wconf 90' lang='lat' dir='ltr'><strong>utrinqne</strong></span> <span class='ocrx_word' id='word_1_146' title='bbox 407 2256 518 2318; x_wconf 89' lang='lat' dir='ltr'><strong>distant</strong></span> <span class='ocrx_word' id='word_1_147' title='bbox 537 2255 720 2319; x_wconf 81' lang='lat' dir='ltr'><strong>intervallis.</strong></span> <span class='ocrx_word' id='word_1_148' title='bbox 751 2254 827 2318; x_wconf 89' lang='lat' dir='ltr'><strong>Nam</strong></span> <span class='ocrx_word' id='word_1_149' title='bbox 850 2266 885 2318; x_wconf 92' lang='lat' dir='ltr'><strong>ut</strong></span> <span class='ocrx_word' id='word_1_150' title='bbox 905 2250 1094 2343; x_wconf 71' lang='grc' dir='ltr'><strong><em>ἀγριέλαιος</em></strong></span> <span class='ocrx_word' id='word_1_151' title='bbox 1115 2278 1176 2319; x_wconf 94' lang='lat' dir='ltr'><strong>non</strong></span> <span class='ocrx_word' id='word_1_152' title='bbox 1194 2260 1285 2321; x_wconf 90' lang='lat' dir='ltr'><strong>modo</strong></span> 
     </span>
     <span class='ocr_line' id='line_1_20' title="bbox 171 2346 1282 2445; baseline 0.001 -22"><span class='ocrx_word' id='word_1_153' title='bbox 171 2346 358 2423; x_wconf 77' lang='lat' dir='ltr'><strong>substantive</strong></span> <span class='ocrx_word' id='word_1_154' title='bbox 391 2358 541 2442; x_wconf 79' lang='lat' dir='ltr'><strong>signifieat</strong></span> <span class='ocrx_word' id='word_1_155' title='bbox 571 2358 735 2423; x_wconf 86' lang='lat' dir='ltr'><strong>oleastrum</strong></span> <span class='ocrx_word' id='word_1_156' title='bbox 770 2358 821 2422; x_wconf 89' lang='lat' dir='ltr'><strong>sed</strong></span> <span class='ocrx_word' id='word_1_157' title='bbox 855 2358 946 2422; x_wconf 80' lang='lat' dir='ltr'><strong>otiam</strong></span> <span class='ocrx_word' id='word_1_158' title='bbox 978 2360 1126 2445; x_wconf 84' lang='lat' dir='ltr'><strong>adjective</strong></span> <span class='ocrx_word' id='word_1_159' title='bbox 1158 2359 1282 2437; x_wconf 84' lang='lat' dir='ltr'><strong>dieitur,</strong></span> 
     </span>
     <span class='ocr_line' id='line_1_21' title="bbox 157 2453 1284 2549; baseline 0.002 -22"><span class='ocrx_word' id='word_1_160' title='bbox 157 2453 321 2548; x_wconf 31' lang='lat' dir='ltr'><strong>foumdtp</strong></span> <span class='ocrx_word' id='word_1_161' title='bbox 342 2455 541 2549; x_wconf 70' lang='grc' dir='ltr'><strong><em>ἀγριέλαιος,</em></strong></span> <span class='ocrx_word' id='word_1_162' title='bbox 564 2461 643 2524; x_wconf 88' lang='lat' dir='ltr'><strong>idem</strong></span> <span class='ocrx_word' id='word_1_163' title='bbox 664 2461 697 2522; x_wconf 93' lang='lat' dir='ltr'><strong>in</strong></span> <span class='ocrx_word' id='word_1_164' title='bbox 719 2458 910 2526; x_wconf 79' lang='grc' dir='ltr'><strong><em>ιιαλλιελαία</em></strong></span> <span class='ocrx_word' id='word_1_165' title='bbox 930 2462 1074 2544; x_wconf 56' lang='lat' dir='ltr'><strong>quadran</strong></span> <span class='ocrx_word' id='word_1_166' title='bbox 1104 2461 1284 2548; x_wconf 74' lang='grc' dir='ltr'><strong><em>θιδμολαία</em></strong></span> 
     </span>
     <span class='ocr_line' id='line_1_22' title="bbox 171 2557 1282 2653; baseline -0.002 -22"><span class='ocrx_word' id='word_1_167' title='bbox 171 2587 246 2631; x_wconf 89' lang='lat' dir='ltr'><strong>vero</strong></span> <span class='ocrx_word' id='word_1_168' title='bbox 268 2575 299 2628; x_wconf 85' lang='lat' dir='ltr'><strong>ot</strong></span> <span class='ocrx_word' id='word_1_169' title='bbox 315 2561 482 2653; x_wconf 66' lang='lat' dir='ltr'><strong>proprisio</strong></span> <span class='ocrx_word' id='word_1_170' title='bbox 505 2564 581 2628; x_wconf 88' lang='lat' dir='ltr'><strong>baud</strong></span> <span class='ocrx_word' id='word_1_171' title='bbox 602 2557 690 2626; x_wconf 85' lang='lat' dir='ltr'><strong>dubie</strong></span> <span class='ocrx_word' id='word_1_172' title='bbox 709 2562 897 2626; x_wconf 83' lang='lat' dir='ltr'><strong>substantiva</strong></span> <span class='ocrx_word' id='word_1_173' title='bbox 918 2575 991 2629; x_wconf 89' lang='lat' dir='ltr'><strong>sunt</strong></span> <span class='ocrx_word' id='word_1_174' title='bbox 1006 2566 1181 2649; x_wconf 79' lang='lat' dir='ltr'><strong>composita.</strong></span> <span class='ocrx_word' id='word_1_175' title='bbox 1214 2565 1282 2629; x_wconf 86' lang='lat' dir='ltr'><strong>Neo</strong></span> 
     </span>
     <span class='ocr_line' id='line_1_23' title="bbox 172 2664 1282 2752; baseline 0.004 -22"><span class='ocrx_word' id='word_1_176' title='bbox 172 2668 329 2752; x_wconf 83' lang='lat' dir='ltr'><strong>quidquam</strong></span> <span class='ocrx_word' id='word_1_177' title='bbox 351 2668 466 2743; x_wconf 87' lang='lat' dir='ltr'><strong>obstat,</strong></span> <span class='ocrx_word' id='word_1_178' title='bbox 495 2667 652 2750; x_wconf 88' lang='lat' dir='ltr'><strong>quominus</strong></span> <span class='ocrx_word' id='word_1_179' title='bbox 674 2664 850 2729; x_wconf 78' lang='lat' dir='ltr'><strong>femininum</strong></span> <span class='ocrx_word' id='word_1_180' title='bbox 871 2665 1012 2751; x_wconf 76' lang='lat' dir='ltr'><strong>adjectivi</strong></span> <span class='ocrx_word' id='word_1_181' title='bbox 1032 2665 1282 2742; x_wconf 73' lang='grc' dir='ltr'><strong><em>πολαδνανθος</em></strong></span> 
     </span>
     <span class='ocr_line' id='line_1_24' title="bbox 171 2767 1282 2854; baseline 0.001 -20"><span class='ocrx_word' id='word_1_182' title='bbox 171 2769 308 2834; x_wconf 84' lang='lat' dir='ltr'><strong>absolute</strong></span> <span class='ocrx_word' id='word_1_183' title='bbox 328 2780 458 2854; x_wconf 88' lang='lat' dir='ltr'><strong>ponatur</strong></span> <span class='ocrx_word' id='word_1_184' title='bbox 479 2767 660 2834; x_wconf 84' lang='lat' dir='ltr'><strong>substantivi</strong></span> <span class='ocrx_word' id='word_1_185' title='bbox 680 2768 780 2831; x_wconf 88' lang='lat' dir='ltr'><strong>instar</strong></span> <span class='ocrx_word' id='word_1_186' title='bbox 800 2779 921 2832; x_wconf 83' lang='lat' dir='ltr'><strong>retenta</strong></span> <span class='ocrx_word' id='word_1_187' title='bbox 941 2770 1037 2832; x_wconf 86' lang='lat' dir='ltr'><strong>forma</strong></span> <span class='ocrx_word' id='word_1_188' title='bbox 1058 2769 1219 2854; x_wconf 78' lang='lat' dir='ltr'><strong>simplicis3</strong></span> <span class='ocrx_word' id='word_1_189' title='bbox 1246 2781 1282 2835; x_wconf 86' lang='lat' dir='ltr'><strong>et</strong></span> 
     </span>
     <span class='ocr_line' id='line_1_25' title="bbox 171 2869 1282 2956; baseline 0.004 -20"><span class='ocrx_word' id='word_1_190' title='bbox 171 2874 209 2936; x_wconf 89' lang='lat' dir='ltr'><strong>ad</strong></span> <span class='ocrx_word' id='word_1_191' title='bbox 236 2872 313 2935; x_wconf 89' lang='lat' dir='ltr'><strong>bano</strong></span> <span class='ocrx_word' id='word_1_192' title='bbox 334 2870 492 2936; x_wconf 86' lang='lat' dir='ltr'><strong>formulam</strong></span> <span class='ocrx_word' id='word_1_193' title='bbox 517 2871 646 2954; x_wconf 88' lang='lat' dir='ltr'><strong>reliqua.</strong></span> <span class='ocrx_word' id='word_1_194' title='bbox 691 2869 727 2934; x_wconf 91' lang='lat' dir='ltr'><strong>ln</strong></span> <span class='ocrx_word' id='word_1_195' title='bbox 747 2870 870 2934; x_wconf 83' lang='lat' dir='ltr'><strong>oraculo</strong></span> <span class='ocrx_word' id='word_1_196' title='bbox 892 2870 981 2934; x_wconf 89' lang='lat' dir='ltr'><strong>Paus.</strong></span> <span class='ocrx_word' id='word_1_197' title='bbox 1005 2871 1085 2956; x_wconf 79' lang='lat' dir='ltr'><strong>Vlll.</strong></span> <span class='ocrx_word' id='word_1_198' title='bbox 1109 2873 1149 2948; x_wconf 78' lang='lat'><strong>9,</strong></span> <span class='ocrx_word' id='word_1_199' title='bbox 1171 2874 1206 2939; x_wconf 76' lang='lat'><strong>2.</strong></span> <span class='ocrx_word' id='word_1_200' title='bbox 1236 2873 1282 2942; x_wconf 77' lang='grc' dir='ltr'><strong>οὗ</strong></span> 
     </span>
     <span class='ocr_line' id='line_1_26' title="bbox 170 2963 1281 3062; baseline -0.002 -20"><span class='ocrx_word' id='word_1_201' title='bbox 170 2972 304 3062; x_wconf 80' lang='grc' dir='ltr'><strong><em>τρίοδος</em></strong></span> <span class='ocrx_word' id='word_1_202' title='bbox 325 2974 382 3040; x_wconf 73' lang='lat' dir='ltr'><strong>nol</strong></span> <span class='ocrx_word' id='word_1_203' title='bbox 402 2968 582 3060; x_wconf 71' lang='grc' dir='ltr'><strong><em>τετράοδος</em></strong></span> <span class='ocrx_word' id='word_1_204' title='bbox 603 2973 660 3040; x_wconf 71' lang='grc' dir='ltr'><strong>καὶ</strong></span> <span class='ocrx_word' id='word_1_205' title='bbox 679 2973 970 3048; x_wconf 75' lang='grc' dir='ltr'><strong><em>πεντακέλευθος,</em></strong></span> <span class='ocrx_word' id='word_1_206' title='bbox 998 2963 1149 3057; x_wconf 59' lang='grc' dir='ltr'><strong>(γοίιῖιοιι</strong></span> <span class='ocrx_word' id='word_1_207' title='bbox 1171 2997 1281 3040; x_wconf 84' lang='lat' dir='ltr'><strong>conoe·</strong></span> 
     </span>
     <span class='ocr_line' id='line_1_27' title="bbox 171 3075 1282 3162; baseline 0.002 -22"><span class='ocrx_word' id='word_1_208' title='bbox 171 3079 222 3140; x_wconf 93' lang='lat' dir='ltr'><strong>dat</strong></span> <span class='ocrx_word' id='word_1_209' title='bbox 238 3078 298 3142; x_wconf 89' lang='lat' dir='ltr'><strong>tria</strong></span> <span class='ocrx_word' id='word_1_210' title='bbox 314 3076 462 3162; x_wconf 87' lang='lat' dir='ltr'><strong>adjeotiva</strong></span> <span class='ocrx_word' id='word_1_211' title='bbox 480 3077 641 3160; x_wconf 89' lang='lat' dir='ltr'><strong>uoujunota</strong></span> <span class='ocrx_word' id='word_1_212' title='bbox 658 3075 755 3140; x_wconf 91' lang='lat' dir='ltr'><strong>videri</strong></span> <span class='ocrx_word' id='word_1_213' title='bbox 772 3076 1028 3140; x_wconf 85' lang='lat' dir='ltr'><strong>substantivorum</strong></span> <span class='ocrx_word' id='word_1_214' title='bbox 1047 3077 1184 3141; x_wconf 64' lang='lat' dir='ltr'><strong>maaria?</strong></span> <span class='ocrx_word' id='word_1_215' title='bbox 1212 3079 1282 3142; x_wconf 87' lang='lat' dir='ltr'><strong>llis·</strong></span> 
     </span>
     <span class='ocr_line' id='line_1_28' title="bbox 173 3177 1283 3264; baseline 0.001 -21"><span class='ocrx_word' id='word_1_216' title='bbox 173 3200 231 3264; x_wconf 84' lang='lat' dir='ltr'><strong>quo</strong></span> <span class='ocrx_word' id='word_1_217' title='bbox 252 3180 402 3254; x_wconf 91' lang='lat' dir='ltr'><strong>omnibus,</strong></span> <span class='ocrx_word' id='word_1_218' title='bbox 426 3177 453 3241; x_wconf 89' lang='lat' dir='ltr'><strong>si</strong></span> <span class='ocrx_word' id='word_1_219' title='bbox 473 3177 637 3244; x_wconf 84' lang='lat' dir='ltr'><strong>masculina</strong></span> <span class='ocrx_word' id='word_1_220' title='bbox 658 3189 743 3254; x_wconf 90' lang='lat' dir='ltr'><strong>suat,</strong></span> <span class='ocrx_word' id='word_1_221' title='bbox 765 3178 872 3261; x_wconf 85' lang='lat' dir='ltr'><strong>subjioi</strong></span> <span class='ocrx_word' id='word_1_222' title='bbox 891 3189 990 3262; x_wconf 92' lang='lat' dir='ltr'><strong>potest</strong></span> <span class='ocrx_word' id='word_1_223' title='bbox 1010 3198 1120 3242; x_wconf 85' lang='lat' dir='ltr'><strong>nomen</strong></span> <span class='ocrx_word' id='word_1_224' title='bbox 1137 3178 1283 3263; x_wconf 79' lang='lat' dir='ltr'><strong>generale</strong></span> 
     </span>
     <span class='ocr_line' id='line_1_29' title="bbox 169 3271 1288 3364; baseline -0.002 -16"><span class='ocrx_word' id='word_1_225' title='bbox 169 3276 294 3358; x_wconf 80' lang='grc' dir='ltr'><strong><em>τόπος,</em></strong></span> <span class='ocrx_word' id='word_1_226' title='bbox 322 3281 349 3344; x_wconf 89' lang='lat' dir='ltr'><strong>si</strong></span> <span class='ocrx_word' id='word_1_227' title='bbox 370 3279 527 3357; x_wconf 78' lang='lat' dir='ltr'><strong>feminina,</strong></span> <span class='ocrx_word' id='word_1_228' title='bbox 549 3271 624 3343; x_wconf 92' lang='lat' dir='ltr'><strong>illud</strong></span> <span class='ocrx_word' id='word_1_229' title='bbox 644 3280 760 3364; x_wconf 86' lang='lat' dir='ltr'><strong>ipsum,</strong></span> <span class='ocrx_word' id='word_1_230' title='bbox 788 3280 821 3343; x_wconf 94' lang='lat' dir='ltr'><strong>in</strong></span> <span class='ocrx_word' id='word_1_231' title='bbox 843 3281 920 3363; x_wconf 90' lang='lat' dir='ltr'><strong>quod</strong></span> <span class='ocrx_word' id='word_1_232' title='bbox 942 3281 1095 3357; x_wconf 86' lang='lat' dir='ltr'><strong>desinunt,</strong></span> <span class='ocrx_word' id='word_1_233' title='bbox 1118 3273 1212 3360; x_wconf 84' lang='grc' dir='ltr'><strong><em>ὁδός,</em></strong></span> <span class='ocrx_word' id='word_1_234' title='bbox 1238 3283 1288 3346; x_wconf 87' lang='lat' dir='ltr'><strong>si·.</strong></span> 
     </span>
     <span class='ocr_line' id='line_1_30' title="bbox 171 3373 1283 3470; baseline 0.003 -22"><span class='ocrx_word' id='word_1_235' title='bbox 171 3394 223 3448; x_wconf 84' lang='lat' dir='ltr'><strong>out</strong></span> <span class='ocrx_word' id='word_1_236' title='bbox 243 3378 267 3469; x_wconf 68' lang='grc' dir='ltr'><strong>ιγ’</strong></span> <span class='ocrx_word' id='word_1_237' title='bbox 287 3373 512 3469; x_wconf 80' lang='grc' dir='ltr'><strong><em>δειιοῖιιληγος,</em></strong></span> <span class='ocrx_word' id='word_1_238' title='bbox 533 3377 557 3468; x_wconf 76' lang='grc' dir='ltr'><em>ἦ</em></span> <span class='ocrx_word' id='word_1_239' title='bbox 578 3378 790 3470; x_wconf 76' lang='grc' dir='ltr'><strong><em>ἰτεόιιριθος,</em></strong></span> <span class='ocrx_word' id='word_1_240' title='bbox 815 3378 840 3466; x_wconf 79' lang='grc' dir='ltr'><em>ἦ</em></span> <span class='ocrx_word' id='word_1_241' title='bbox 859 3383 1088 3469; x_wconf 80' lang='grc' dir='ltr'><strong><em>πανσέληνος,</em></strong></span> <span class='ocrx_word' id='word_1_242' title='bbox 1114 3381 1283 3470; x_wconf 64' lang='lat' dir='ltr'><strong>praepri-</strong></span> 
     </span>
     <span class='ocr_line' id='line_1_31' title="bbox 171 3483 1281 3574; baseline -0.002 -22"><span class='ocrx_word' id='word_1_243' title='bbox 171 3485 305 3574; x_wconf 76' lang='grc' dir='ltr'><strong><em>βιβλος.</em></strong></span> <span class='ocrx_word' id='word_1_244' title='bbox 337 3486 382 3549; x_wconf 82' lang='lat' dir='ltr'><strong>Ao</strong></span> <span class='ocrx_word' id='word_1_245' title='bbox 400 3505 439 3550; x_wconf 84' lang='lat' dir='ltr'><strong>no</strong></span> <span class='ocrx_word' id='word_1_246' title='bbox 457 3505 530 3569; x_wconf 88' lang='lat' dir='ltr'><strong>opus</strong></span> <span class='ocrx_word' id='word_1_247' title='bbox 550 3485 666 3568; x_wconf 87' lang='lat' dir='ltr'><strong>quidem</strong></span> <span class='ocrx_word' id='word_1_248' title='bbox 687 3495 737 3548; x_wconf 85' lang='lat' dir='ltr'><strong>est</strong></span> <span class='ocrx_word' id='word_1_249' title='bbox 754 3483 972 3568; x_wconf 85' lang='lat' dir='ltr'><strong>supplemento,</strong></span> <span class='ocrx_word' id='word_1_250' title='bbox 996 3486 1021 3549; x_wconf 89' lang='lat' dir='ltr'><strong>si</strong></span> <span class='ocrx_word' id='word_1_251' title='bbox 1039 3507 1193 3550; x_wconf 88' lang='lat' dir='ltr'><strong>sumamus</strong></span> <span class='ocrx_word' id='word_1_252' title='bbox 1213 3508 1281 3564; x_wconf 90' lang='lat' dir='ltr'><strong>eos,</strong></span> 
     </span>
    </p>
   </div>
   <div class='ocr_carea' id='block_1_3' title="bbox 51 3587 1282 3674">
    <p class='ocr_par' dir='ltr' id='par_1_3' title="bbox 51 3587 1282 3674">
     <span class='ocr_line' id='line_1_32' title="bbox 51 3587 1282 3674; baseline -0.002 -18"><span class='ocrx_word' id='word_1_253' title='bbox 51 3609 70 3622; x_wconf 68' lang='lat'>³</span> <span class='ocrx_word' id='word_1_254' title='bbox 170 3589 222 3673; x_wconf 93' lang='lat' dir='ltr'><strong>qui</strong></span> <span class='ocrx_word' id='word_1_255' title='bbox 243 3588 331 3674; x_wconf 90' lang='lat' dir='ltr'><strong>primi</strong></span> <span class='ocrx_word' id='word_1_256' title='bbox 355 3589 445 3654; x_wconf 82' lang='lat' dir='ltr'><strong>rebus</strong></span> <span class='ocrx_word' id='word_1_257' title='bbox 466 3587 612 3651; x_wconf 84' lang='lat' dir='ltr'><strong>voeabula</strong></span> <span class='ocrx_word' id='word_1_258' title='bbox 637 3588 826 3670; x_wconf 85' lang='lat' dir='ltr'><strong>imposuere,</strong></span> <span class='ocrx_word' id='word_1_259' title='bbox 857 3607 1071 3670; x_wconf 90' lang='lat' dir='ltr'><strong>nonnunquam</strong></span> <span class='ocrx_word' id='word_1_260' title='bbox 1096 3589 1282 3653; x_wconf 81' lang='lat' dir='ltr'><strong>snbstantias</strong></span> 
     </span>
    </p>
   </div>
   <div class='ocr_carea' id='block_1_4' title="bbox 167 3689 1281 3981">
    <p class='ocr_par' dir='ltr' id='par_1_4' title="bbox 167 3689 1281 3981">
     <span class='ocr_line' id='line_1_33' title="bbox 168 3689 1280 3776; baseline -0.005 -16"><span class='ocrx_word' id='word_1_261' title='bbox 168 3690 333 3776; x_wconf 72' lang='lat' dir='ltr'><strong>appellasse</strong></span> <span class='ocrx_word' id='word_1_262' title='bbox 354 3691 501 3776; x_wconf 81' lang='lat' dir='ltr'><strong>adjectivo</strong></span> <span class='ocrx_word' id='word_1_263' title='bbox 522 3710 541 3752; x_wconf 90' lang='lat' dir='ltr'><strong>a</strong></span> <span class='ocrx_word' id='word_1_264' title='bbox 559 3689 670 3772; x_wconf 85' lang='lat' dir='ltr'><strong>specio,</strong></span> <span class='ocrx_word' id='word_1_265' title='bbox 695 3709 781 3773; x_wconf 86' lang='lat' dir='ltr'><strong>qnam</strong></span> <span class='ocrx_word' id='word_1_266' title='bbox 804 3691 1078 3772; x_wconf 81' lang='lat' dir='ltr'><strong>praeseferrent,</strong></span> <span class='ocrx_word' id='word_1_267' title='bbox 1102 3691 1280 3756; x_wconf 83' lang='lat' dir='ltr'><strong>eminentis·</strong></span> 
     </span>
     <span class='ocr_line' id='line_1_34' title="bbox 167 3790 1280 3878; baseline 0 -20"><span class='ocrx_word' id='word_1_268' title='bbox 167 3793 244 3858; x_wconf 86' lang='lat' dir='ltr'><strong>sima</strong></span> <span class='ocrx_word' id='word_1_269' title='bbox 269 3805 302 3857; x_wconf 89' lang='lat' dir='ltr'><strong>et</strong></span> <span class='ocrx_word' id='word_1_270' title='bbox 327 3794 363 3856; x_wconf 91' lang='lat' dir='ltr'><strong>ad</strong></span> <span class='ocrx_word' id='word_1_271' title='bbox 385 3791 682 3858; x_wconf 85' lang='lat' dir='ltr'><strong>animadvertendum</strong></span> <span class='ocrx_word' id='word_1_272' title='bbox 710 3791 841 3854; x_wconf 74' lang='lat' dir='ltr'><strong>manium</strong></span> <span class='ocrx_word' id='word_1_273' title='bbox 865 3790 998 3877; x_wconf 84' lang='lat' dir='ltr'><strong>insigni,</strong></span> <span class='ocrx_word' id='word_1_274' title='bbox 1030 3804 1119 3877; x_wconf 84' lang='lat' dir='ltr'><strong>atquo</strong></span> <span class='ocrx_word' id='word_1_275' title='bbox 1145 3793 1280 3878; x_wconf 82' lang='lat' dir='ltr'><strong>exempli</strong></span> 
     </span>
     <span class='ocr_line' id='line_1_35' title="bbox 168 3887 1281 3981; baseline 0 -21"><span class='ocrx_word' id='word_1_276' title='bbox 168 3917 258 3960; x_wconf 84' lang='lat' dir='ltr'><strong>eausa</strong></span> <span class='ocrx_word' id='word_1_277' title='bbox 286 3896 396 3960; x_wconf 88' lang='lat' dir='ltr'><strong>editam</strong></span> <span class='ocrx_word' id='word_1_278' title='bbox 422 3893 533 3958; x_wconf 88' lang='lat' dir='ltr'><strong>montis</strong></span> <span class='ocrx_word' id='word_1_279' title='bbox 561 3902 675 3976; x_wconf 90' lang='lat' dir='ltr'><strong>partem</strong></span> <span class='ocrx_word' id='word_1_280' title='bbox 703 3890 769 3979; x_wconf 77' lang='grc' dir='ltr'><strong>τήν</strong></span> <span class='ocrx_word' id='word_1_281' title='bbox 789 3887 900 3980; x_wconf 82' lang='grc' dir='ltr'><strong><em>οἷιιραν</em></strong></span> <span class='ocrx_word' id='word_1_282' title='bbox 924 3894 1089 3980; x_wconf 77' lang='lat' dir='ltr'><strong>appellasse</strong></span> <span class='ocrx_word' id='word_1_283' title='bbox 1112 3916 1179 3959; x_wconf 93' lang='lat' dir='ltr'><strong>non</strong></span> <span class='ocrx_word' id='word_1_284' title='bbox 1201 3897 1281 3981; x_wconf 92' lang='lat' dir='ltr'><strong>quod</strong></span> 
     </span>
    </p>
   </div>
   <div class='ocr_carea' id='block_1_5' title="bbox 165 4128 1283 4288">
    <p class='ocr_par' dir='ltr' id='par_1_5' title="bbox 165 4128 1283 4288">
     <span class='ocr_line' id='line_1_36' title="bbox 165 4128 1283 4205; baseline 0 -16"><span class='ocrx_word' id='word_1_285' title='bbox 165 4143 253 4189; x_wconf 86' lang='lat' dir='ltr'><strong>antem</strong></span> <span class='ocrx_word' id='word_1_286' title='bbox 270 4131 288 4191; x_wconf 84' lang='grc' dir='ltr'><strong><em>δ</em></strong></span> <span class='ocrx_word' id='word_1_287' title='bbox 305 4128 456 4205; x_wconf 61' lang='lat' dir='ltr'><strong>utrobique</strong></span> <span class='ocrx_word' id='word_1_288' title='bbox 472 4140 598 4198; x_wconf 77' lang='lat' dir='ltr'><strong>vocatur,</strong></span> <span class='ocrx_word' id='word_1_289' title='bbox 625 4141 720 4188; x_wconf 84' lang='lat' dir='ltr'><strong>natura</strong></span> <span class='ocrx_word' id='word_1_290' title='bbox 737 4136 849 4202; x_wconf 73' lang='lat' dir='ltr'><strong>ignotior</strong></span> <span class='ocrx_word' id='word_1_291' title='bbox 866 4143 908 4190; x_wconf 82' lang='lat' dir='ltr'><strong>ost</strong></span> <span class='ocrx_word' id='word_1_292' title='bbox 925 4151 1002 4205; x_wconf 78' lang='lat' dir='ltr'><strong>quam</strong></span> <span class='ocrx_word' id='word_1_293' title='bbox 1022 4143 1053 4189; x_wconf 86' lang='lat' dir='ltr'><strong>ut</strong></span> <span class='ocrx_word' id='word_1_294' title='bbox 1070 4152 1153 4202; x_wconf 66' lang='lat' dir='ltr'><strong>sonus</strong></span> <span class='ocrx_word' id='word_1_295' title='bbox 1175 4137 1283 4202; x_wconf 66' lang='lat' dir='ltr'><strong>agnosci</strong></span> 
     </span>
     <span class='ocr_line' id='line_1_37' title="bbox 165 4221 247 4288; baseline -0.024 -14"><span class='ocrx_word' id='word_1_296' title='bbox 165 4221 247 4288; x_wconf 81' lang='lat' dir='ltr'><strong>possit</strong></span> 
     </span>
    </p>
   </div>
   <div class='ocr_carea' id='block_1_6' title="bbox 500 4369 505 4408">
    <p class='ocr_par' dir='ltr' id='par_1_6' title="bbox 500 4369 505 4408">
     <span class='ocr_line' id='line_1_38' title="bbox 500 4369 505 4408; baseline 0 0"><span class='ocrx_word' id='word_1_297' title='bbox 500 4369 505 4408; x_wconf 87' lang='lat' dir='ltr'><strong>l</strong></span> 
     </span>
    </p>
   </div>
   <div class='ocr_carea' id='block_1_7' title="bbox 0 0 1400 4725">
    <p class='ocr_par' dir='ltr' id='par_1_7' title="bbox 0 0 1400 4725">
     <span class='ocr_line' id='line_1_39' title="bbox 0 0 1400 4725; baseline 0 3"><span class='ocrx_word' id='word_1_298' title='bbox 0 0 1400 4725; x_wconf 95' lang='lat' dir='ltr'><strong> </strong></span> 
     </span>
    </p>
   </div>
  </div>
 </body>
</html>
