2792 4725
174 295 246 367 140
392 314 396 322 ’
520 287 987 359 ἸλλδὸΕλίΤΑΤΙΟῙΙκ

174 470 267 547 πόαν
284 464 430 562 ταότῆν.
471 469 536 538 Neo
558 470 679 536 dubium
701 471 773 558 quin
794 471 939 556 πῶλυψ,
969 491 1027 557 quo
1049 469 1184 557 Diphilus
1208 471 1293 558 Siph-

175 581 245 646 nius
266 580 364 644 utitur
383 575 497 643 Athen.
521 574 602 640 Vlii.
626 573 703 639 356.
727 576 763 642 Ε.
791 595 833 640 ex
854 575 966 640 usitato
987 566 1149 650 πόλνπος
1171 588 1292 642 contra-

177 695 259 750 ctum
280 683 342 758 sit,
371 680 460 763 ἔλαια
481 677 558 744 Poll.
585 676 638 742 VI.
664 675 719 742 50.
748 699 789 742 ex
815 679 960 765 ἔλαφος,
990 681 1066 764 quod
1090 679 1222 766 ejusdem
1245 689 1293 745 est

86 829 96 850 .
176 807 290 852 nomen
308 783 413 870 piscis,
436 803 472 847 ao
492 781 607 866 pariter
627 776 704 868 λιόψ
725 803 767 846 ex
788 781 902 856 λόπος
922 805 954 847 v.
979 783 1055 846 (1.1.
1075 785 1104 870 ἓ.
1123 783 1175 848 11.
1199 779 1294 869 τριόξ

178 909 221 954 cx
241 879 381 976 τριακός
406 883 538 971 Hesych
563 895 663 950 ortum
686 885 745 949 dici
766 895 875 970 potest.
923 887 981 950 Sed
1011 887 1047 951 de
1066 871 1168 951 multis
1192 899 1293 951 tamen

177 990 353 1077 ambigitur,
376 999 478 1054 utrum
499 987 636 1052 detractu
656 989 771 1054 vocalis
784 989 953 1066 imminuta,
976 1011 1015 1053 an
1031 989 1210 1074 interpositu
1228 1011 1293 1053 am·

176 1094 305 1181 pliticata
332 1091 407 1156 sint.
451 1088 527 1155 Nam
557 1089 604 1165 si,
636 1111 711 1175 quoe
740 1093 903 1156 maximam
931 1091 1130 1184 simplicitatis
1159 1093 1291 1177 speciem

176 1196 299 1271 hahent,
326 1195 428 1258 &dem
450 1191 665 1278 antiquissimis
687 1203 719 1257 et
739 1193 924 1280 primigeniis
946 1194 1138 1258 adnumerari
1160 1204 1290 1280 oportet,

181 1320 297 1365 summe
320 1307 556 1360 consentaneum
578 1295 711 1374 videtur,
741 1318 851 1361 nomen
871 1288 1061 1384 βότρνς,ὐῑ
1083 1298 1138 1362 hoc
1159 1308 1240 1373 utar,
1272 1318 1293 1360 a

176 1401 270 1485 stirpe
299 1397 501 1463 intermortua
529 1398 667 1482 proxime
698 1400 824 1479 abesse,
855 1399 925 1464 hinc
953 1401 1084 1464 secundo
1115 1400 1199 1484 quasi
1224 1408 1316 1463 satu*

174 1501 340 1593 βόστραξ,
370 1500 461 1564 tertio
488 1491 676 1592 βόστρυχος
704 1501 862 1578 extitisse,
896 1523 932 1566 ac
959 1501 1099 1596 similiter
1125 1521 1165 1564 eu
1187 1500 1292 1575 πόλος

174 1607 303 1694 primum
327 1602 451 1679 πόλαξ,
481 1604 558 1688 quod
580 1604 704 1668 Photius
726 1605 883 1668 barbarum
905 1603 996 1681 dicit,
1025 1605 1130 1669 deinde
1155 1615 1291 1669 resumta

175 1707 320 1796 gutturali
343 1705 496 1785 πέλεκυς,
519 1727 560 1772 ex
581 1699 667 1794 λορός
684 1705 785 1795 ἱέραξ,
807 1706 946 1794 ἱέρακος,
969 1729 1009 1771 ex
1025 1706 1143 1794 δίφρος
1157 1705 1290 1794 δι’φραξ,

156 1809 367 1899 ’δρόφακτος
393 1829 434 1872 cx
456 1795 536 1895 δρῦς
557 1801 678 1896 όρόαξ,
701 1806 912 1896 δρύφακτος,
941 1809 1019 1874 vebo
1042 1809 1147 1885 vehes,
1177 1811 1287 1890 vectis,
1390 1875 1394 1882 ,

174 1914 367 1980 extrinsecus
389 1911 485 1975 ascita
505 1911 594 1976 litera
616 1933 674 1997 qua
695 1919 793 1999 ἴκταρ
817 1915 908 2000 (ἴκαρ
930 1911 1099 1999 Hesychius
1121 1933 1176 1976 suo
1192 1911 1288 1998 loco),

173 2013 306 2095 νυκτός,
332 2010 517 2102 όόμαρτος,
546 2013 704 2102 φροντίς,
720 2014 833 2100 τίκτω,
858 2026 957 2101 pecto,
980 2017 1071 2089 lacte,
1094 2025 1182 2079 aneta
1204 2025 1288 2078 sunt.

175 2117 278 2204 ltaque
308 2141 398 2205 quum
426 2129 472 2183 tot
501 2128 623 2202 pateant
652 2120 886 2202 corrumpendae
909 2116 1088 2202 ¹principalis
1110 2117 1224 2180 formae
1246 2115 1290 2180 di-

173 2221 343 2297 vertioula,
372 2221 453 2286 unde
474 2220 601 2304 quidque
623 2229 722 2284 ortum
744 2221 803 2297 sit,
833 2242 891 2305 quo
914 2221 1064 2284 detortum
1085 2215 1164 2282 ultra
1186 2218 1289 2283 huma-

174 2345 244 2390 nam
257 2307 472 2409 hoojectoram
494 2342 563 2388 esse
585 2320 724 2400 videtor3
756 2345 813 2389 nec
835 2323 923 2388 facile
948 2321 1099 2399 decidam,
1130 2318 1212 2410 όίοψ
1234 2343 1288 2386 an·
1315 2336 1318 2344 “

174 2426 287 2512 tiquius
311 2426 352 2490 sit
372 2426 418 2489 an'
434 2409 567 2505 cilones,
588 2421 804 2511 καλαύροπος
826 2448 866 2492 en
886 2417 1085 2511 καλαόροψ,
1111 2444 1235 2510 quorum
1258 2424 1286 2488 si

172 2521 266 2593 unum
295 2526 390 2592 semel
420 2528 499 2597 forte
528 2538 581 2592 aut
608 2528 654 2593 his
675 2527 799 2613 legitur,
831 2531 958 2594 alterum
980 2528 1132 2614 aliquanto
1154 2528 1306 2612 saepius,

174 2632 240 2717 quis
261 2640 354 2716 neget
374 2629 442 2695 fieri
463 2650 550 2717 posse
572 2642 607 2695 ut
628 2653 670 2695 en
690 2631 745 2696 illo
760 2632 917 2698 literarum
932 2652 1110 2717 graecarum
1129 2629 1286 2715 naufragio

173 2733 299 2800 rarioris
313 2734 428 2799 formae
443 2733 581 2821 exempla
593 2734 693 2820 plura,
716 2734 816 2800 minus
829 2724 1072 2822 rarae'pauciora
1085 2733 1192 2799 relicta
1203 2733 1289 2798 sinti

685 2924 715 3008 ς.
739 2922 772 2990 5.

237 3070 240 3077 ·
257 3041 397 3108 Veteres
409 3051 509 3108 omen
531 3042 564 3108 in
585 3043 637 3108 illa
657 3046 838 3109 anadromae
860 3042 1000 3129 opinione
1013 3052 1073 3106 tam
1083 3040 1287 3127 'pertinaciter

106 3209 108 3212 ,
172 3145 312 3222 haerent,
335 3156 370 3210 ut
381 3146 494 3231 primae
517 3167 632 3231 quoque
654 3146 863 3211 declinationis
888 3146 1022 3222 nomina,
1045 3166 1121 3229 quae
1144 3166 1210 3208 eum
1233 3164 1286 3227 geq

174 3247 271 3314 nitivo
302 3258 357 3312 out
383 3248 556 3313 accusativo
586 3248 695 3313 tertiae
725 3260 909 3335 congruont,
940 3249 976 3313 ah
1003 3248 1050 3311 his
1073 3246 1145 3332 ipsis
1168 3246 1287 3310 casihus

172 3351 311 3436 repetere
334 3371 396 3415 non
417 3362 595 3417 vereantur.
640 3352 743 3439 Etym.
766 3352 809 3417 M.
833 3373 863 3436 p.
887 3349 942 3431 87,
966 3349 1019 3414 35.
1044 3343 1200 3436 οἷρπόγῆ,
1222 3371 1286 3415 κα-

169 3445 271 3539 λόκη,
301 3448 431 3540 περότῆ
458 3449 528 3520 α’πό
555 3455 691 3542 γενικῆς
716 3439 786 3521 τῶν
807 3451 994 3541 α’ρσενικῶν
1022 3452 1127 3537 (scrib.
1148 3449 1285 3536 ἑνικῶν)

171 3555 241 3624 τόν
261 3552 428 3645 ἅρπαγος,
449 3551 607 3634 κόλακος,
629 3556 787 3643 πέρατος.
834 3555 1001 3639 Stephanus
1030 3550 1194 3643 Ἑρμιόνη
1216 3548 1285 3621 tired

172 3658 234 3745 τῆς
254 3657 437 3747 Ἑρμίονος
456 3660 591 3748 γενικῆς
619 3655 665 3733 οἷς
693 3653 763 3726 οἷπό
785 3657 847 3745 τῆς
867 3652 1059 3744 κόλακοςῆ
1079 3655 1206 3743 καλόκῆ
1228 3654 1287 3723 καλ

69 3801 74 3811 ·
171 3762 233 3849 τῆς
260 3762 401 3853 χιτῶνος
427 3759 451 3849 ῆ
477 3754 600 3852 χιτιόνῆ
629 3760 687 3827 καλ
713 3754 881 3847 ἡγεμόνος
906 3752 1069 3848 ῆγεμόνῆ.
1113 3760 1215 3847 Etym.
1240 3758 1282 3821 M.

172 3863 271 3952 όαίτῆ
293 3870 327 3933 ολ
347 3868 415 3952 μὲν
435 3859 506 3932 simo*
528 3863 589 3950 τῆς
610 3858 724 3939 δαιτός
744 3863 896 3953 γενικῆς,
916 3867 951 3930 ολ
972 3861 1007 3929 tt
1029 3858 1098 3930 οἷπό
1120 3862 1183 3930 τοῦ
1201 3858 1285 3946 μόλη

65 4000 69 4016 ¹
170 3969 313 4050 λοντος,
341 3964 393 4036 διό
421 3966 480 4034 καλ
506 3958 705 4058 βαρύνεται.
753 3965 867 4032 Verum
895 3962 1025 4054 περότη
1052 3966 1088 4030 ab
1109 3965 1174 4049 ipso
1195 3960 1285 4051 πέρα

171 4071 238 4137 sive
258 4071 364 4159 πόρος
385 4070 553 4137 derivatum
575 4078 678 4133 estut
698 4058 833 4156 ἑρκότῆ,
865 4076 1016 4157 ἔρκατος,
1049 4062 1203 4157 ὄρχατος,
1235 4086 1284 4129 as·
1338 4081 1341 4087 ·

171 4187 271 4243 sumto
293 4197 406 4264 genere
427 4174 592 4252 feminino,
621 4172 691 4261 quia
712 4172 748 4239 ad
768 4172 813 4267 γῆ
835 4172 988 4253 refertur,
1018 4192 1075 4239 nee
1096 4170 1164 4239 sine
1184 4168 1293 4255 aliquo
