2792 4725
294 280 1038 367 nnsntncr.1uuon1t.c.1.§.a
1084 227 1086 247 Ι
1164 283 1234 354 199

121 475 211 528 vetus
241 461 457 547 paraphrastes
486 462 632 546 prodidit,
675 459 812 550 δαίμων
842 486 894 537 τις
924 460 1058 554 ἰσχυρὸς
1089 461 1234 552 ὀνόματι

122 563 301 654 Κραταιίς,
325 564 444 649 Scyllae
466 576 606 641 matrem,
629 567 812 643 muitetur,
836 567 940 631 eodem
959 567 1117 632 devenisse
1135 579 1232 646 ratus,

122 692 181 752 quo
202 668 355 734 Centauri
371 666 556 752 Scyllaeque
575 667 725 752 biformes
747 679 778 732 et
799 672 1063 754 centumgeminus
1080 669 1234 734 Briareus

122 794 160 836 oe
188 771 290 835 bellua
316 770 459 847 lemae,
492 769 675 855 Gorgones,
705 769 928 856 Harpyiaeque
954 807 996 820 —-
1028 773 1080 836 sel
1112 773 1168 837 hoe
1196 776 1233 838 ab

123 874 200 938 Oreo
229 874 381 942 homerioo
409 873 553 936 alienum.
599 872 679 936 llam
709 893 837 948 nomen,
873 875 926 936 sed
954 874 1123 958 appellativi
1139 875 1232 952 loeo,

121 976 236 1059 aooepit
263 975 431 1060 Hesychius
459 970 628 1061 Κροίταιις
657 979 1006 1061 προπαροξοτονεῑτοι
1034 975 1073 1042 τὸ
1103 969 1232 1063 ιιιίριον,

121 1077 161 1144 τώ
182 1077 218 1145 δὲ
238 1069 500 1164 περισπώμενόν
515 1082 559 1162 ¹⁴)
582 1082 674 1143 ἐστιν
695 1076 751 1144 ἐπὶ
773 1079 835 1143 τοι]
853 1073 1010 1164 Σισύφου
1031 1103 1231 1168 προςηγορι-

121 1173 198 1262 νόν,
222 1160 465 1264 quemadlnolum
487 1181 627 1244 nonnulli
647 1201 703 1264 pro
724 1176 809 1266 ιιαλη
831 1194 914 1254 παῖς
936 1181 994 1244 diei
1016 1203 1103 1267 posse
1126 1185 1232 1248 existi·

120 1293 240 1348 manunt
260 1281 448 1358 καλλίπαις.
480 1283 538 1348 Sed
558 1293 590 1346 et
607 1282 664 1346 hoe
682 1304 701 1347 a
718 1281 902 1346 Graecorum
923 1285 1137 1350 consuetudine
1153 1287 1232 1350 alie-

68 1403 70 1407 ·
120 1408 212 1462 num,
235 1408 271 1450 ao
292 1387 319 1450 si
340 1386 383 1449 ita
404 1387 568 1462 diceretur,
591 1383 744 1471 ιιρατοίις
766 1385 954 1448 scribendum
977 1387 1057 1452 foret
1079 1399 1113 1451 nt
1134 1389 1233 1455 κολο-

120 1483 250 1578 βόρῤις.
280 1488 396 1572 ltaque,
419 1488 587 1572 ubieunque
605 1489 766 1572 vestigium
786 1487 935 1570 ponimns,
958 1488 1074 1553 salebra
1088 1501 1152 1566 est,
1175 1512 1231 1554 neo

120 1613 189 1676 spes
212 1591 370 1665 evadendi,
393 1590 453 1653 nisi
474 1590 702 1654 sollertissimus
721 1591 873 1675 Odysseae
895 1589 1045 1674 interpres
1066 1593 1229 1674 adjumenti

119 1694 231 1777 aliquid
253 1691 539 1756 subministraverit.
584 1693 727 1775 Equidem
752 1692 806 1755 hoe
828 1691 925 1756 solnm
947 1694 1069 1772 aldama
1095 1677 1231 1770 ’Ἅνιςὸ

119 1795 343 1882 ἐστερημένος
364 1788 543 1879 δυνάμεως
568 1794 669 1858 Sehnl.
693 1795 768 1879 Lye.
793 1792 868 1858 350.
900 1805 932 1858 et
957 1795 1033 1880 νηϊς
1055 1793 1074 1862 6
1095 1801 1230 1884 ἐστερη-

118 1899 225 1986 μένος
247 1894 425 1984 δυνάμεως
445 1893 469 1982 ἢ
490 1894 509 1962 6
529 1895 645 1971 untur
666 1895 889 1982 ἐστερημένος
908 1897 1091 1982 Moschopnl.
1116 1901 1148 1962 in
1166 1901 1229 1966 Rit-

119 2001 232 2066 sohelii‘
247 2001 346 2064 Praei.
370 2001 477 2065 Thom.
502 2023 531 2085 p.
557 1998 729 2063 CXXXVI.
760 1997 859 2084 νηΐιλα
882 1999 956 2084 (sie)
977 1994 1110 2085 α’σθενη
1139 2000 1225 2066 Phot.

119 2104 206 2188 qnasi
226 2104 263 2166 ab
285 2105 389 2168 eodem
410 2103 531 2166 nomine
552 2103 583 2176 ἴς
605 2103 811 2185 compositum.
848 2101 979 2181 Quorum
1002 2105 1084 2186 prins
1106 2114 1230 2168 anctore

120 2216 216 2282 earet,
239 2205 381 2282 alterum,
406 2205 475 2290 quia
495 2204 586 2268 aliter
603 2205 772 2269 declinatur
792 2215 881 2288 atque
903 2206 945 2284 ἴς,
966 2204 1079 2268 reotins
1100 2208 1230 2270 averto

118 2309 209 2378 εἷσοι
231 2309 391 2392 repetitur.

79 2483 82 2488 ,
188 2412 411 2498 Bisyllaborom
431 2432 518 2476 casus
538 2410 700 2477 inferiores
722 2405 984 2500 χαλκογλώχινος
1004 2408 1123 2497 μελίης
1141 2410 1228 2477 Hom.

118 2506 339 2603 τοριγλώχινι
354 2511 471 2602 κεραίη
488 2513 591 2578 Νοιιιι.
610 2513 635 2577 Ι.
652 2513 729 2580 295.
753 2507 986 2602 πολογλώχινα
1005 2512 1142 2599 κεραίην
1159 2514 1227 2579 Nlo.

119 2618 177 2681 Th.
201 2614 255 2680 36.
289 2614 498 2705 τριγλώχινες
526 2616 633 2680 Galen.
665 2617 701 2679 le
725 2616 865 2700 Hippone.
890 2617 989 2699 dogm.
1013 2615 1065 2680 Vl.
1089 2614 1128 2691 6,
1152 2614 1228 2680 548.

119 2721 157 2784 Τ.
174 2719 214 2783 V.
239 2720 275 2783 de
292 2718 380 2783 Aoo.
399 2724 491 2782 Anat.
509 2717 574 2780 Vll.
592 2717 627 2794 9,
649 2716 723 2785 196.
747 2717 783 2779 Τ.
801 2716 839 2779 tl.
864 2718 993 2802 ambigui
1015 2728 1097 2781 sunt.
1132 2718 1230 2781 Choe-

118 2824 263 2887 roboseus
285 2821 398 2885 Aneel.
422 2843 452 2905 p.
478 2819 573 2885 1414.
605 2812 788 2909 τριγλώχιν
803 2818 996 2903 πλατυτέρα
1018 2819 1110 2883 ἐστὶν
1137 2816 1160 2904 η
1182 2824 1228 2893 εἰς

119 2912 356 3009 σκατοίληξις,
385 2922 600 3008 σπανιωτίρα
623 2921 658 2989 δὲ
679 2919 701 3007 ἦ
730 2926 776 2994 οἷς
798 2908 838 2999 ν,
870 2918 913 2994 ώς
934 2918 1028 3006 τιαροί
1051 2920 1228 3013 Σιμωνίδη

116 3019 295 3116 τριγλώχιν
322 3019 450 3104 ὀϊστός,
480 3025 537 3091 aul
560 3021 654 3108 παροί
676 3015 885 3113 Καλλιμοίχῳ
912 3018 1087 3112 τριγλώχιν
1111 3026 1229 3108 νῆσος,

121 3132 204 3218 σοοιί
220 3141 252 3194 et
271 3129 347 3213 apud
364 3127 553 3211 Apollonium
575 3127 698 3210 legitur,
722 3127 896 3215 τριγλώχιν
918 3126 1027 3189 vitiose
1049 3146 1096 3209 ap.
1118 3126 1228 3189 Suidan

51 3236 52 3239 ’
121 3256 148 3298 s.
165 3233 196 3297 h.
213 3254 246 3296 v.
270 3242 302 3295 et
322 3230 568 3318 τανυγλοχῑνες
585 3230 678 3293 Anth.
695 3230 729 3291 P.
747 3228 812 3292 Vll.
832 3251 863 3292 n.
881 3228 957 3292 443.
981 3228 1058 3311 qnod
1074 3227 1229 3291 laoobsins

121 3334 277 3409 correxit,
307 3333 548 3421 ποριγλωχῑνες
571 3332 694 3415 Oppian.
721 3332 798 3417 Cyn.
824 3330 861 3395 ll.
888 3330 961 3395 146.
986 3329 1047 3415 τῆς
1069 3326 1229 3405 ειίωιλῑνος

120 3438 245 3501 Maxim.
275 3457 306 3498 ι.
332 3434 406 3499 529.
438 3437 491 3498 sed
518 3434 635 3517 saepius
664 3444 938 3519 proparoxytonnm
967 3444 1013 3497 est
1040 3433 1158 3496 Aelian.
1189 3433 1226 3496 H.

119 3541 201 3603 Ann.
221 3537 306 3600 Xlll.
331 3536 362 3600 5.
386 3536 487 3600 Nono.
507 3535 592 3598 Xlll.
618 3533 691 3599 187.
717 3546 776 3599 eta.
801 3547 834 3598 ut
855 3532 1074 3619 αόιειρώὸινος
1095 3532 1224 3597 XXVII.

122 3640 195 3706 116.
220 3634 439 3725 οἷριοτώδινος
458 3638 550 3703 Anto.
569 3638 653 3701 Plan.
671 3637 711 3702 N.
729 3638 804 3703 221.
826 3638 859 3701 Ρ.
879 3636 988 3703 Silent.
1007 3636 1116 3721 Eupho.
1136 3636 1225 3719 Soph.

120 3742 174 3808 65.
197 3735 410 3831 βαριιώδινος
430 3741 532 3806 Νοιιιι.
556 3741 641 3803 XVl.
665 3739 719 3804 74.
757 3741 864 3805 Snidae
886 3741 1037 3804 adnotatio
1058 3735 1226 3807 Λειτιώιλι·

119 3870 179 3921 νος
201 3840 263 3913 οὐκ
285 3849 378 3911 ἔστιν
399 3841 521 3911 εὐθεῖα
541 3838 626 3912 ώλλοί
646 3835 778 3932 γενιτή,
809 3864 865 3907 nos
888 3844 1026 3909 traluoit‘
1044 3838 1088 3906 att·
1102 3842 1227 3908 alteram

154 4102 157 4112 ¹
189 4087 233 4154 14)
249 4055 521 4156 Προπιριοτηώμινον
537 4085 646 4152 corrigit
663 4085 838 4152 Goottlingins
856 4086 887 4137 do
903 4086 1008 4138 Aoeent.
1027 4082 1128 4152 [1271.
1148 4084 1224 4151 idque

118 4176 151 4231 td
165 4168 282 4243 ιιραταῖ“
299 4172 324 4227 ἴα
339 4170 431 4223 refert
