2792 4725
282 269 342 344 oc
371 267 569 344 rnlncc.
600 205 802 344 sunnon.
832 273 861 360 ς.
886 265 940 342 11.
1122 272 1171 342 os

93 448 425 551 1ἔγοοο6νεέργοορ.
442 454 516 522 545.
541 453 712 540 Psophisma
726 453 764 518 ll.
783 475 830 540 ap.
848 452 999 520 Plutarch.
1013 447 1053 520 V.
1071 455 1168 521 Oratt.

93 587 116 652 p.
130 562 203 632 277.
216 561 270 629 καὶ
290 552 375 649 λόγῳ
398 558 454 627 ecl
475 562 558 646 ἔργῳ
576 557 701 622 Aristid.
721 558 775 622 Or.
790 555 940 620 XXXIX.
960 554 1034 622 504.
1056 556 1168 622 Julian.

93 669 135 732 dr.-
153 665 187 728 ll.
208 662 259 730 06.
281 661 321 727 Α.
344 663 452 728 liban.
475 660 512 724 T.
535 659 574 723 ll.
599 657 673 724 585.
698 659 788 744 Diog.
811 655 865 722 Le.
890 657 928 721 ll.
953 657 1006 724 50.
1036 670 1068 723 et
1088 658 1172 725 Plato

91 767 187 853 ipsein
206 766 337 850 llump.
356 763 409 830 86.
430 764 466 827 C.
491 775 524 828 et
538 763 613 827 ltin.
633 784 663 847 p.
682 760 757 826 318.
775 763 812 826 E.
837 762 890 826 sod
912 760 1064 826 contrario
1086 764 1173 827 modo

90 869 192 934 dristid.
209 854 293 930 Xlll.
318 865 516 932 166.th1.
540 864 616 932 272.
640 863 752 928 Julian.
772 863 823 928 lll.
849 861 924 929 123.
944 863 982 927 Α.
1009 867 1092 954 ἔργῳ
1114 866 1172 932 sol

90 976 148 1039 inst
165 970 235 1034 Plat.
257 969 351 1055 Legg.
372 958 430 1033 tx.
450 965 526 1033 878.
546 967 583 1031 0.
608 969 690 1041 ἔπος
711 991 748 1032 oc
769 966 825 1033 sol
845 969 945 1054 ἔργον
966 966 1096 1031 llorodo.
1119 967 1171 1032 lll.

90 1073 147 1138 135.
181 1076 278 1161 ἔργον
298 1097 334 1138 se
355 1075 438 1146 ἔπος
457 1096 495 1137 se
523 1069 609 1134 llom.
634 1069 689 1133 0d.
715 1068 752 1132 ll.
775 1068 851 1136 272.
887 1068 959 1135 πᾶν
981 1072 1050 1156 Ιιοὲν
1074 1073 1174 1158 ἔργον

87 1175 146 1243 πᾶν
170 1174 203 1242 dd
230 1179 313 1248 ἔπος
340 1174 495 1260 λέγοντες
522 1197 560 1240 τε
587 1171 645 1238 καὶ
670 1161 879 1259 πράττοντες
911 1170 995 1236 Plato
1026 1171 1094 1237 Civ.
1119 1171 1171 1237 Vl.

86 1275 147 1343 404.
169 1268 204 1342 Ε.
230 1277 363 1343 chiasmo
387 1298 480 1356 nsus3
515 1277 591 1344 nise
615 1278 697 1348 ἔπος
719 1275 792 1340 οἵτε
813 1278 912 1362 ἔργον
938 1275 1075 1360 lnscript.
1100 1275 1175 1340 Elea

67 1366 192 1445 Ι11126.
215 1378 414 1463 similiterque
435 1365 548 1464 ὄνομα
570 1376 627 1443 sol
645 1369 789 1466 πρᾶγμα
811 1388 842 1440 et
858 1376 1002 1465 πρᾶγμα
1023 1375 1079 1444 καὶ
1098 1371 1175 1446 ὄνο-

84 1506 126 1568 nc
147 1483 177 1546 in
196 1481 273 1546 locis
301 1502 320 1545 a
340 1480 535 1547 lloissonadio
561 1479 661 1544 allatis
682 1481 719 1542 ad
740 1479 856 1563 Eunap.
880 1500 909 1563 p.
933 1477 1009 1545 420
1056 1479 1113 1544 Sed
1135 1481 1172 1545 de

85 1583 339 1648 Grammaticorum
362 1582 529 1668 praeceptis
552 1581 626 1646 satis
650 1579 761 1644 dictum
782 1581 919 1659 videtur,
951 1582 1056 1666 quibus
1081 1583 1175 1648 multa

83 1685 130 1750 alia
152 1685 265 1750 ordinis
289 1685 448 1769 permutati
471 1682 609 1768 exempla
633 1683 700 1746 addi
722 1694 847 1766 possunt
869 1675 985 1752 sudosa
1006 1683 1116 1752 τοῦτο
1144 1697 1177 1750 et

81 1781 174 1854 τοῦτο
194 1782 315 1854 πάντα
335 1809 368 1852 v.
392 1787 430 1851 ad
450 1787 500 1872 tj.
524 1808 557 1851 v.
583 1783 677 1851 1023.
701 1777 808 1876 ταύτῃ
830 1785 940 1854 τοῦτο
961 1797 993 1850 et
1014 1797 1119 1852 contra
1140 1808 1172 1852 v.

82 1888 181 1953 Jacobs.
211 1891 249 1954 ad
272 1889 340 1954 tat.
369 1911 400 1974 p.
425 1886 505 1965 134,
530 1885 583 1952 11.
612 1881 709 1954 ἄλλοι
729 1886 851 1954 πολλοί
878 1899 909 1952 et
934 1890 1054 1956 πολλοὶ
1078 1883 1177 1956 ἄλλοι

80 2013 105 2055 v.
125 1992 270 2076 lisneger.
294 1993 332 2054 ad
355 1990 482 2075 Dionys.
505 2009 535 2074 p.
559 1987 635 2054 444.
664 1989 799 2078 πρῶτος
819 1988 875 2056 ool
895 1985 1003 2076 μόνος
1026 2002 1058 2055 et
1078 2003 1174 2056 ncta-

68 2094 112 2157 ·tis
132 2094 245 2158 vicibus
275 2106 308 2156 v.
332 2091 480 2156 Fritzsclt.
505 2092 543 2156 ad
564 2091 689 2156 Lnoian.
720 2113 749 2176 p.
775 2090 826 2156 12.
858 2092 966 2166 καλῶς
991 2117 1028 2158 τε
1054 2093 1110 2160 καὶ
1136 2089 1176 2160 εὖ

81 2195 194 2260 llerodo.
214 2195 239 2258 l.
267 2193 320 2260 50.
343 2193 488 2259 Aeschiu.
513 2215 541 2258 ο.
562 2193 638 2257 lim.
662 2216 692 2278 p.
718 2193 772 2272 33,
795 2194 847 2260 32.
872 2187 911 2260 cd
931 2221 967 2262 oc
990 2195 1047 2262 sol
1067 2196 1176 2270 καλῶς

81 2297 175 2361 Athen.
199 2297 279 2365 322.
299 2296 336 2360 0.
361 2297 438 2360 Plat.
462 2295 554 2359 Laeli.
578 2317 608 2381 p.
629 2293 703 2358 188.
728 2295 766 2358 Α.
791 2307 823 2360 et
843 2297 910 2363 aliis
932 2297 1007 2364 loeis
1031 2321 1062 2363 v.
1085 2299 1175 2363 Hein-

81 2401 143 2465 dorf.
164 2403 201 2465 ad
221 2402 311 2465 Crat.
329 2394 405 2465 440.
426 2400 464 2463 0.
488 2389 527 2465 οὗ
547 2398 604 2466 καὶ
624 2392 733 2473 καλῶς
755 2399 837 2463 Stoi.
857 2400 937 2465 Flor.
954 2401 1100 2466 LXXlX.
1120 2402 1174 2466 51.

80 2522 104 2585 p.
119 2501 194 2581 458,
217 2501 278 2567 48.
300 2502 419 2565 Aelian.
440 2501 478 2565 V.
499 2502 536 2564 H.
558 2500 610 2565 lll.
630 2501 684 2569 25.
709 2502 761 2567 lV.
781 2502 812 2567 5.
837 2504 941 2567 Liban.
965 2504 1001 2567 T.
1021 2503 1045 2566 l.
1060 2526 1100 2604 ρ.
1121 2503 1173 2569 19.

80 2603 109 2667 7.
128 2605 164 2669 ll.
194 2604 275 2670 136.
306 2604 457 2668 Plutarch.
483 2602 612 2668 Gonviv.
640 2602 679 2667 ll.
704 2603 736 2668 3.
767 2604 868 2669 Disce.
891 2605 981 2670 Adul.
1010 2600 1069 2683 23,
1099 2606 1174 2672 100.

80 2706 198 2792 adquae
224 2707 362 2771 animum
389 2706 550 2791 diligenter
569 2706 687 2771 adverti
709 2716 844 2790 oportet,
875 2707 1001 2792 primum
1026 2720 1060 2773 ut
1081 2720 1177 2773 muta·

79 2807 139 2872 titia
157 2811 372 2875 discernantur
392 2808 429 2871 ab
450 2808 701 2884 immutabilibus,
730 2808 855 2884 deinde,
886 2810 913 2873 si
934 2812 1002 2895 quid
1024 2832 1064 2875 ox
1086 2811 1176 2876 solito

80 2910 249 2991 sonaverit,
284 2922 319 2977 nt
338 2911 368 2975 id
390 2932 506 2997 qnoque
526 2910 749 2995 pervestigetur
773 2929 831 2996 qua
850 2912 976 2985 rarione,
991 2914 1100 2979 lactum
1122 2913 1174 2978 sit.

515 3276 737 3301 m
