2792 4725
104 311 238 378 ara
384 318 391 324 “
526 308 925 397 ntssnrtrartott.

171 512 251 556 mam
272 488 415 574 simplicis
437 489 603 569 retineret,
633 493 670 556 ad
691 492 774 557 illam
795 494 847 558 vel
869 514 1017 578 apocopae
1039 491 1090 559 vel
1111 494 1287 580 metaplasis

172 595 327 660 obtentum
342 592 457 657 redacti
473 605 557 657 sunt.
603 595 669 676 Quo
690 616 746 660 nos
768 596 871 681 utique
892 618 953 661 non
975 596 1101 674 utimur,
1120 598 1173 662 sed
1186 598 1287 683 potius

171 690 331 788 depo'pvprr
355 707 387 760 et
416 697 495 779 qnod
525 697 585 761 alio
613 698 681 763 loco
710 683 854 784 scriptum
883 710 931 764 est
951 692 1096 786 νεόμννι
1114 699 1287 764 nominibus

172 801 329 866 defectivis
350 799 594 876 adnumeremus,
616 821 744 885 quornm
765 801 791 865 si
812 801 908 887 prima
928 801 961 865 in
982 823 1040 866 usu
1062 813 1144 866 esset
1165 802 1286 886 positio,

152 903 350 968 .heteroelita
370 901 544 965 dicerentur
569 913 604 968 nt
631 901 809 992 πολύῤῥην
837 915 869 969 et
888 897 1124 993 πολύρῥηνος,
1146 896 1284 992 Γόρτνν

141 996 157 1021 “’
171 1017 205 1071 et
226 993 396 1092 Γόρτυνα,
416 1025 498 1068 nunc
519 1016 640 1082 autem,
673 1005 831 1091 quiaeam
851 1006 1010 1070 Technicis
1032 1007 1166 1091 ignotam
1187 1007 1283 1072 fuisse

170 1119 305 1194 apparet,
328 1107 468 1192 acephala
493 1105 675 1192 appellamus
705 1109 826 1193 generis
847 1108 981 1194 positivi.
1025 1108 1103 1173 Nam
1129 1109 1201 1193 quin
1222 1109 1284 1175 dici

170 1210 304 1298 potnerit
324 1195 467 1302 dcpd'prqr
489 1221 525 1275 nt
544 1203 745 1300 πολύῤῥην,
768 1212 919 1276 dubitandi
941 1232 1031 1277 causa
1053 1211 1153 1289 nulla,
1187 1232 1283 1297 coque

170 1307 328 1404 διχόμννι
350 1315 450 1379 differt
470 1306 681 1397 νΜόψοπος
703 1323 735 1378 ct
755 1304 998 1410 dpopo'ppocccr,
1021 1335 1147 1400 quornm
1166 1315 1283 1402 primus

144 1419 148 1423 ’
172 1438 259 1482 casus
280 1439 299 1482 a
320 1417 426 1503 regula
446 1417 587 1503 loquendi
608 1417 762 1482 abhorret.
1192 1419 1194 1425 ’

255 1727 301 1792 Ab
329 1728 376 1794 his
398 1727 534 1794 omnibus
566 1730 734 1815 sejunctam
765 1717 908 1795 habemns
937 1743 1041 1818 veram
1069 1741 1101 1794 et
1132 1721 1303 1814 propriam'

171 1830 371 1916 metaplasin‚
395 1853 470 1917 quae
501 1853 598 1917 neque
620 1833 800 1900 nominativi
821 1833 997 1919 imaginarii
1024 1833 1153 1919 speciem
1182 1833 1282 1897 animo

36 1951 38 1956 ·
115 1941 118 1955 “
171 1935 384 2020 anticipatam‚
415 1956 476 1999 ore*
496 1934 698 2012 ineffabilem,
729 1936 866 2021 sequitur
896 1927 1076 2015 moricida,
1106 1928 1280 2018 Μόψοπν,

170 2058 270 2121 neque
292 2038 501 2102 heteroclisiae
522 2039 726 2122 suspicionem
736 2039 880 2124 relinquit
893 2050 928 2103 ut
941 2037 1091 2118 Aedem,
1114 2033 1281 2128 drpdprpvu

170 2141 223 2205 sed
248 2143 404 2225 perspicue
425 2143 462 2204 ab
484 2140 674 2204 aberratione
697 2141 821 2225 quadam
843 2141 934 2204 unius
955 2141 1164 2206 declinationis
1186 2143 1223 2206 ad
1237 2143 1281 2206 al·

168 2244 266 2306 teram
287 2241 498 2326 proficiscitur.
544 2241 639 2327 Hujus
662 2242 833 2328 principalis
855 2263 946 2306 causa
968 2245 1209 2309 est¹terminatio
1224 2267 1279 2308 no·
1355 2323 1358 2331 Ι

149 2345 307 2411 ,minativi
327 2342 489 2430 singularis
511 2342 630 2428 utrique
652 2345 843 2410 declinationi
865 2345 989 2423 similis,
1016 2368 1073 2431 qua
1095 2347 1214 2413 delusus
1226 2348 1280 2413 Al·

170 2468 261 2511 cacus
281 2468 300 2530 a
321 2458 406 2511 recto
426 2448 519 2521 Αἴας
540 2448 707 2531 genitivum
734 2450 822 2512 duxit
841 2448 905 2515 τοῦ
926 2451 1001 2517 Ate
1023 2461 1054 2514 et
1075 2451 1284 2527 accusativum

168 2547 230 2616 τὸν
258 2551 356 2617 Αἴαν
385 2561 416 2614 et
430 2572 463 2616 ,a
491 2549 598 2614 simili·
617 2550 763 2635 principio
792 2551 964 2617 vocativum
994 2546 1019 2619 oi
1047 2547 1277 2640 Eripodoc'pouo,

169 2674 258 2737 mam
279 2654 406 2717 formam
434 2652 572 2716 nonnulli
594 2650 746 2716 homerico
769 2647 795 2720 ὦ
816 2650 1036 2742 Πουλυδάμα
1058 2657 1279 2722 substituerunt

168 2755 205 2819 ll.
232 2754 303 2819 Xll.
332 2753 408 2821 231.
438 2766 469 2819 et
496 2755 641 2819 Pindarus
669 2757 745 2821 adeo
773 2759 809 2822 ab
836 2750 1149 2848 οἵννμνντοχοῖρμης
1187 2759 1278 2822 linxit

168 2857 380 2942 appellativum
405 2851 430 2924 ol
451 2852 771 2949 οἷκαμαντοχάρμαν
795 2857 1014 2929 Αἶαν-κοντοὶ
1043 2860 1279 2949 σννεκδρομνὶν

166 2960 350 3029 conlatae
378 2958 403 3047 ἢ
432 2957 488 3028 door*
514 2956 579 3047 τήν
601 2962 808 3049 scottellus
836 2964 906 3031 τῶν
933 2963 1139 3051 φωνηέντων
1159 2966 1275 3030 Anecd.

114 3071 120 3080 ‘
158 3086 198 3149 p.
222 3062 318 3127 1183.
352 3065 429 3149 quod
456 3065 626 3149 exemplum
654 3066 784 3144 afferens
814 3067 1001 3131 Herodianus
1032 3089 1080 3152 ap.
1105 3068 1207 3154 Etym.
1230 3068 1273 3131 M.

165 3189 197 3253 p.
220 3166 275 3245 44,
298 3166 352 3231 45.
375 3161 677 3253 πλάνηννλίσεως
698 3161 806 3247 vocat,
830 3190 886 3233 nos
908 3171 1073 3234 metabasin
1095 3171 1277 3254 nuncupabi-

165 3264 245 3345 mus,
270 3270 338 3354 quia
359 3268 516 3354 superiora
536 3271 664 3357 proprjis
686 3271 830 3355 distingui
854 3284 980 3355 possunt
1001 3273 1181 3347 nominibus,
1206 3271 1276 3335 huic

166 3371 284 3435 nullum
305 3372 435 3455 suppetit
455 3372 771 3453 reipconsentaneum.
817 3373 882 3438 lluc
904 3375 1168 3458 pertinentetiem
1189 3374 1275 3458 geni-

168 3473 249 3537 tivus
262 3473 325 3539 τοῦ
341 3468 460 3555 ssede,
482 3476 560 3540 unde
576 3475 821 3539 Hemsterhnsius
842 3477 880 3539 ad
894 3476 965 3540 lles.
981 3476 1053 3562 0pp.
1071 3475 1145 3541 381.
1169 3473 1276 3544 dcte-

166 3570 275 3662 γενής
288 3577 454 3660 profectum
476 3588 572 3662 putat,
595 3587 627 3641 et
644 3579 833 3642 accusativus
852 3576 1008 3667 λνκάβαν
1027 3578 1273 3665 AppendEpigr.

164 3675 290 3743 11323.
313 3676 471 3763 Adjectiva
492 3690 594 3743 autem
615 3701 633 3744 a
654 3674 743 3747 cloio
768 3683 932 3766 composita
953 3702 1071 3767 semper
1092 3682 1127 3745 ad
1149 3679 1276 3765 primam

165 3777 333 3844 declinasse
358 3781 501 3845 videntur
519 3782 588 3848 ’τοῦ
614 3776 767 3850 mollirier
796 3784 935 3848 Eustath.
966 3806 999 3868 p.
1029 3782 1105 3860 700,
1128 3782 1181 3849 32.
1210 3781 1276 3849 τόν
1334 3824 1337 3833 ¹

97 3929 100 3935 -
163 3872 340 3949 πολύτλαν
361 3882 462 3947 Schol.
485 3885 561 3948 Eur.
585 3885 671 3970 Hipp.
696 3885 771 3953 742.
795 3898 827 3953 et
851 3887 919 3951 aliis
941 3886 1016 3951 locis
1038 3908 1070 3951 v.
1094 3886 1143 3949 ad.
1157 3884 1273 3969 Phryn.

126 4052 136 4075 ‘
164 4003 195 4067 p.
220 3980 354 4069 610.20)
383 4004 481 4070 neque
509 3985 599 4052 aliter
625 3999 725 4053 statuo
756 3990 792 4055 dc
819 3983 978 4076 dolonn)
1008 3988 1085 4073 quod
1106 3986 1284 4074 Hesychiusv

166 4131 376 4148 ..ὴ-*ι-

72 4290 75 4294 ’
198 4229 202 4246 ¹
235 4217 282 4287 20)
299 4220 329 4273 ln
344 4221 451 4278 Maximi
469 4241 494 4280 v
514 4225 575 4316 dil.
594 4220 682 4301 ἧγᾰρ
703 4220 878 4301 drarltq'oseev
904 4224 1040 4285 ἄεικέλιον
1061 4221 1161 4295 βρονόσ
1183 4217 1274 4295 d'lyos,

219 4582 249 4700 ζ
370 4645 373 4647 ,
