2792 4725
191 312 267 383 aaa
520 280 522 287 ’
555 310 877 380 otssnnrnnro
906 314 945 382 v.

191 503 267 571 teta,
289 514 413 577 morum
433 492 522 578 longe
541 494 672 559 maxima
690 513 761 579 pars
778 514 852 557 vere
873 491 1159 579 aljeetiva,.eetera
1178 454 1313 583 adieeti-

193 612 299 661 vorum
320 594 484 670 simillima,
509 596 651 663 universa
671 607 772 660 autem
792 595 953 681 musurpia
973 607 1057 673 sunt,
1080 596 1137 663 hoe
1158 610 1221 675 est,
1245 599 1311 663 tit-

191 697 336 763 ierentias
365 697 535 781 siguifioant
561 699 626 776 rei,
662 699 712 763 eui
740 718 897 762 eommuue
925 709 973 763 est
1001 720 1113 763 nomen
1138 694 1242 787 οἷρτος
1270 712 1311 765 et

191 794 304 887 μα’ζο,
319 821 442 884 eamque
465 801 502 869 ola
522 820 641 866 causam
663 811 716 865 aut
735 798 900 865 masculine
917 802 1106 885 appellantur
1122 803 1200 867 siout
1216 810 1308 889 ἑψη-

190 900 246 971 τοί
266 902 353 967 Phot.
377 912 409 967 et
431 900 574 989 φρυντολ
595 904 662 968 soil.
686 898 822 995 ἰχθύος,
854 913 908 969 aut
930 902 1073 968 feminine
1099 905 1177 969 sieut
1201 904 1306 989 sepla-

75 1062 77 1067 .
190 1005 254 1070 siae
276 1004 433 1082 voeabula,
457 1000 583 1092 σταντή
605 1017 713 1081 stacta,
737 999 865 1095 σχιστή,
890 999 1033 1093 poenes,
1056 1002 1200 1093 νηροτή,
1221 1032 1307 1075 πιο-

191 1102 289 1195 οηρη’,
311 1106 430 1185 lixivia,
452 1111 617 1194 ἔμπορος,
641 1108 854 1194 spesiosam,
877 1128 932 1192 pro
953 1129 1011 1192 quo
1032 1110 1215 1194 posteriores
1237 1114 1304 1196 ἔμ-

188 1211 359 1296 πλασνρος
379 1210 554 1276 asciverunt
574 1232 606 1277 v.
627 1210 735 1275 Galen.
759 1212 795 1275 de
817 1211 921 1296 Comp.
940 1210 1020 1307 lled.
1043 1231 1072 1294 p.
1094 1210 1171 1278 Gen.
1191 1210 1300 1289 1.·10‚

189 1310 420 1377 407.T.x111.
445 1324 477 1377 et
494 1308 621 1399 οηπτή,
645 1314 723 1397 quod
743 1313 781 1380 ad
801 1303 947 1399 δύναμις
967 1313 1111 1378 refertur.
1148 1313 1226 1378 Hine
1247 1336 1301 1379 se-

190 1424 321 1500 quentur
346 1435 421 1498 quae
448 1415 567 1500 singula
588 1414 716 1499 singulis
743 1415 886 1482 attributa
907 1424 979 1479 sunt
1000 1416 1090 1479 rebus
1117 1416 1221 1479 eodem
1243 1438 1301 1501 ge·

190 1536 264 1581 nere
286 1537 344 1601 qno
365 1518 597 1595 substantivum,
622 1519 707 1603 eujus
726 1516 842 1581 vieibna
860 1518 1027 1602 funguntur
1041 1528 1082 1581 *ut
1103 1509 1195 1604 δενη,
1217 1520 1299 1585 πλο-

187 1612 269 1705 sep,
308 1630 340 1684 et
369 1641 532 1707 paronynra
559 1618 771 1705 participialia,
808 1619 839 1683 in
866 1629 914 1685 est
941 1619 1103 1705 participiis
1129 1619 1299 1687 assimilata

186 1714 440 1810 αότροχολοοή,
464 1722 624 1809 plumbata,
647 1712 812 1808 λεπαστή,
835 1723 945 1787 cassita
956 1724 1014 1806 ⁵⁴).
1048 1721 1094 1788 lta
1110 1720 1235 1811 πλεκτη
1248 1726 1297 1809 ⁵⁵)

187 1824 330 1889 feminine
352 1826 526 1890 enuntiatur
550 1835 671 1910 propter
693 1835 912 1909 praestruemus
938 1824 967 1889 ei
989 1845 1099 1892 nomen
1117 1822 1297 1913 μήρινθος

186 1925 238 1991 vel
255 1940 390 2017 σχοῖνος
408 1927 457 1992 vel
476 1927 552 2012 quoti
566 1928 714 1992 Homerus
732 1926 787 1992 ot.
802 1926 905 1992 XXll.
922 1924 997 1991 175.
1016 1928 1166 2013 adjunxit,
1187 1922 1295 2017 οειριλ.

184 2024 274 2116 Amr}
294 2030 383 2096 faeile
404 2030 538 2095 refertur
558 2030 594 2095 ad
614 2025 754 2116 λαμπάς
773 2030 824 2095 vel
841 2026 913 2118 δᾴς,
935 2028 1032 2117 ἐνοπή
1052 2032 1089 2096 al
1106 2026 1222 2120 πόρπη
1241 2034 1294 2098 vel

123 2145 125 2160 '
184 2123 331 2220 περόνη,
361 2125 495 2221 ἐμβάτη
510 2132 557 2219 ⁵⁶)
584 2132 620 2195 ad
646 2123 847 2219 α’σᾶμινθος
872 2132 923 2197 vel
948 2130 1072 2209 πύελος
1098 2134 1149 2198 vel
1175 2133 1294 2222 δροίτη

183 2235 293 2299 Aread.
314 2234 436 2321 p.115,
456 2232 508 2299 18.
532 2234 659 2317 denique
682 2256 737 2299 our
755 2226 867 2323 ἐρικπή
889 2235 990 2316 (Pbot.
1008 2257 1037 2302 s.
1052 2230 1203 2325 Πόλφοι)
1224 2238 1292 2303 sive

182 2328 311 2426 ἐρειντή
340 2338 436 2420 (soit.
465 2359 492 2403 s.
514 2332 665 2425 Ἀθάρα)
692 2347 724 2402 et
748 2328 899 2424 πνριοὶτη
913 2340 959 2423 ⁵⁷)
988 2339 1131 2405 feminine
1158 2363 1292 2426 pronun·

183 2440 309 2516 tientur,
332 2461 421 2504 eausa
442 2462 503 2505 non
524 2440 583 2505 alia
604 2450 651 2504 est
672 2460 759 2525 quam
781 2441 850 2525 quia
869 2433 962 2527 sciit]
984 2453 1016 2507 et
1032 2436 1139 2510 πιτύο
1160 2442 1218 2509 hoe
1235 2465 1291 2529 ge-

183 2563 257 2608 nere
285 2541 430 2627 appellata
456 2553 544 2619 sunt,
576 2563 701 2627 quarum
722 2561 824 2606 renum
851 2563 913 2606 non
934 2545 1133 2610 differentiam
1158 2545 1290 2629 (specili-

180 2647 271 2728 oam),
295 2646 348 2710 sed
369 2644 540 2728 qualitatem
562 2643 719 2710 declarant·
736 2643 884 2730 adjectiva
904 2646 969 2723 illa,
992 2648 1072 2712 sieut
1094 2669 1131 2711 ea
1149 2641 1286 2730 πύελος,

179 2745 213 2811 in
240 2768 327 2832 qnam
354 2745 483 2814 lavaturi
511 2747 713 2828 descendunt,
748 2740 883 2835 ἐμβάτη
909 2749 1020 2815 dieitur
1046 2761 1078 2816 et
1103 2750 1129 2814 is
1158 2746 1287 2831 σίκυος,

179 2849 230 2934 qni
252 2871 313 2914 non
335 2851 433 2917 editur
454 2850 515 2916 uisi
534 2861 688 2938 maturus,
718 2849 858 2929 πέπων,
885 2852 962 2936 quod
983 2851 1143 2937 plurimum
1164 2853 1249 2918 abest
1269 2874 1289 2918 a

178 2952 274 3039 primo
296 2973 407 3038 genere
431 2975 527 3038 neque
553 2952 627 3018 nihil
650 2953 800 3039 discrepat
826 2975 845 3018 a
866 2954 1010 3020 seeundo.
1056 2955 1113 3019 Sed
1137 2953 1212 3018 nulli
1234 2954 1289 3019 lno-

178 3076 245 3121 rum
273 3056 360 3142 plane
389 3055 486 3121 simile
514 3056 635 3121 videtur
659 3051 770 3143 πηντὴ
797 3056 976 3121 tendiculam
998 3078 1144 3143 aucupum
1172 3057 1287 3142 signifi-

177 3179 267 3234 eans,
299 3179 374 3244 quae
396 3159 486 3224 aliter
505 3149 598 3248 πολχη
619 3162 747 3223 voeatirr
771 3171 803 3224 et
822 3157 936 3247 παγίς.
979 3157 1113 3245 Namque
1135 3155 1233 3246 ἐνοπή
1254 3170 1287 3225 et

174 3252 309 3350 ἐμβολοη
337 3261 490 3326 notionem
519 3261 692 3338 nominum,
727 3262 833 3350 quibus
862 3263 1083 3348 adjunguntur,
1115 3262 1284 3328 accuratius

176 3364 425 3430 oireomseribont
451 3365 504 3430 sed
525 3355 637 3452 πηκοή
659 3364 735 3429 nihil
756 3364 882 3449 amplios
904 3365 1035 3430 ostendit
1059 3385 1146 3451 qnam
1166 3361 1283 3454 παγίς,

178 3519 388 3534 *ιη-

243 3604 288 3672 ol)
304 3604 447 3659 Messalino
462 3605 541 3671 hujus
556 3606 659 3673 generis
675 3613 738 3658 sunt
754 3593 918 3674 χοιριλωτὸο,
935 3598 1110 3667 steatomata,
1127 3601 1284 3671 λεπιδωτόν,

171 3689 325 3754 inmortua,
344 3693 503 3754 manicatos,
523 3692 661 3758 galeritus,
680 3692 795 3753 auritos,
815 3691 921 3754 ratitos,
939 3691 1085 3754 einetotos,
1104 3700 1213 3746 nasutas
1230 3701 1280 3749 eto.

171 3791 198 3828 v.
219 3777 252 3829 ad
268 3777 342 3845 Ajoe
359 3777 425 3831 Aoo.
446 3795 470 3846 p.
491 3779 551 3832 486.
1327 3811 1331 3822 .

241 3862 285 3930 85)
306 3854 435 3930 Πλεντῆν
457 3862 488 3918 os‘
502 3858 620 3919 Ἀττικοὶ
642 3861 693 3933 τῆν
716 3859 810 3932 sapas
831 3862 896 3916 Poll.
915 3862 951 3916 X.
973 3864 1032 3918 tta.
1070 3864 1217 3934 Oxytonam
1239 3872 1282 3917 eet

169 3949 262 4004 Aeselr.
274 3949 385 4018 Choeplr.
400 3951 461 4006 sta.
477 3950 542 4002 Eur.
553 3950 648 4003 Troad.
663 3951 723 4003 858.
737 3958 925 4020 paroxytooum
938 3949 1006 4001 Plat.
1017 3950 1096 4016 Lege.
1106 3950 1162 4004 V11.
1177 3952 1237 4006 eut.
1248 3951 1279 4002 B.

167 4036 273 4090 Atrion.
293 4036 389 4104 Peripl.
409 4035 519 4106 Ilrythr.
540 4053 565 4104 p.
586 4036 628 4091 tt.
647 4037 871 4090 consentientibus
888 4035 984 4104 utique
1002 4037 1087 4090 libris.

233 4123 282 4191 llo)
299 4123 337 4176 oo
354 4130 464 4176 aeeentu
482 4139 507 4175 v.
526 4123 638 4176 Dissert.
656 4121 699 4175 Vl.

235 4209 279 4281 st)
296 4209 404 4264 Plotius
420 4200 551 4281 Ποριοὶτη
567 4204 626 4279 οὕχλ
644 4212 775 4282 septenos
790 4157 855 4265 ai
872 4198 993 4278 ποροονῆ
1011 4203 1156 4272 ὀξυτόνων·
1198 4268 1200 4271 ,
