2792 4725
295 307 355 375 DE
383 304 550 374 Nottttt.
579 302 822 370 MONOS..C.
842 303 908 370 lll.
939 306 967 391 ᾗ.
992 302 1037 372 1..
1152 307 1223 376 tte

551 501 666 557 cut.
703 499 770 554 lll.

449 623 509 690 De
541 620 870 709 metaplasmo.

624 785 654 868 s.
678 781 712 848 1.

186 903 320 968 Primum
341 900 440 965 locum
462 900 537 964 dabo
559 900 677 965 casibus
701 901 841 985 obliquis,
866 899 972 985 quibus
990 902 1040 986 qui
1058 908 1219 972 conveniat

101 1006 308 1072 nominativus
330 1015 383 1069 aut
405 1024 444 1066 ue
467 1003 540 1087 fingi
562 1004 679 1087 quidem
706 1015 739 1068 ut
763 997 872 1090 δορός,
900 1000 986 1084 olco,
1017 999 1129 1091 α’ρνός,
1151 1034 1220 1076 πο.

100 1105 236 1196 λύαρνι,
257 1119 311 1172 aut
332 1129 392 1171 non
415 1106 562 1169 declinari
583 1115 694 1190 potest,
718 1105 797 1170 sicut
818 1105 961 1186 κλῶδες,
984 1109 1060 1191 quod
1075 1109 1219 1178 'l'ecbnioi

101 1235 162 1300 pro
182 1209 316 1278 νλωθοί
337 1211 393 1273 dioi
415 1210 574 1285 affirmant,
604 1230 666 1272 nou
687 1209 785 1272 solum
808 1209 876 1292 quia
897 1204 982 1284 ultio
1003 1231 1148 1297 nusquam
1169 1237 1219 1280 ue·

97 1315 229 1400 peritur,
252 1314 306 1377 sed
327 1313 422 1379 multo
443 1312 540 1396 magis
561 1312 642 1395 quia,
668 1331 744 1394 quae
766 1310 960 1394 reperiuntur
975 1312 1031 1376 boc
1051 1316 1218 1404 modonter·

98 1421 214 1487 minata
242 1421 287 1498 (v.
308 1416 344 1479 C.
363 1415 387 1480 l.
405 1415 434 1498 ἓ.
449 1413 500 1495 3.)
528 1425 581 1477 aut
607 1413 829 1480 indeclinabilia
851 1425 923 1478 suut
943 1427 996 1479 aut
1016 1415 1106 1481 aliter
1127 1419 1219 1498 deeli-

100 1531 226 1584 nantun.
273 1518 412 1582 Secundo
434 1516 503 1581 loco
523 1516 735 1581 collocabimus
757 1519 793 1580 cd
813 1514 978 1594 vocabula,
1009 1541 1135 1603 quonum
1157 1523 1217 1607 pui-

98 1645 168 1687 mus
191 1643 278 1686 casus
299 1620 336 1684 ab
357 1620 480 1684 ausibus
501 1620 644 1684 abhorret
664 1618 716 1683 vel
737 1621 774 1682 ob
796 1619 918 1682 nimiam
948 1621 1144 1706 exiguitatem
1166 1625 1218 1690 vel
1327 1662 1329 1671 =

100 1726 174 1808 quia
196 1733 398 1788 consonantes
420 1722 606 1808 asymplooas
629 1721 776 1786 continet.
821 1720 868 1785 Ad
894 1721 976 1804 prius
1008 1743 1104 1806 genus
1125 1729 1217 1811 pcrti-

100 1838 180 1891 nent
200 1824 291 1905 κνίς,
318 1817 412 1900 πλοῖς,
441 1817 523 1898 οπως
545 1836 577 1888 et
602 1834 705 1888 cetera
726 1819 932 1909 monosyllaba
953 1824 986 1887 in
1010 1827 1107 1909 prima
1127 1828 1218 1913 bujus

99 1928 313 2015 disputationis
333 1937 418 2011 parte
439 1937 626 2002 enumerata,
650 1947 725 2010 quae
751 1925 805 1990 lex
826 1935 858 1988 et
876 1946 949 1989 usus
973 1928 1118 1995 excludit.
1157 1929 1217 1994 lta·

96 2052 156 2117 que
180 2032 278 2096 Draco
300 2054 330 2116 p.
347 2029 401 2095 36.
426 2041 500 2114 etp.
519 2027 593 2093 103.
616 2027 657 2094 cd
679 2020 787 2096 ceddo
809 2025 947 2115 λίμνην,
969 2029 1079 2113 inquit,
1103 2031 1162 2098 νωὶ
1178 2029 1216 2098 ωδ
1246 2024 1250 2030 ’

95 2130 207 2203 uiuido
232 2128 488 2224 χρνσεόκαρπον
516 2126 580 2222 οὐχ
610 2137 675 2209 ἕξει
701 2127 781 2198 otoo?
803 2125 915 2208 ὀξεῖαν
937 2134 1041 2215 (scrib.
1057 2128 1217 2220 εὐθεῖαν)

96 2233 183 2314 oudo
203 2234 227 2323 ἢ
247 2233 345 2311 cido·
370 2234 615 2323 μεταπλαομοδ
634 2227 700 2322 χοῖρ
720 2237 800 2300 οἷον·
830 2236 908 2320 quod
923 2235 1068 2318 qdomodo
1082 2237 1118 2300 do
1132 2229 1217 2304 νλοῖ-

95 2340 158 2415 δος
180 2339 240 2405 dici
260 2341 375 2426 possit,
406 2360 496 2404 nemo
524 2337 666 2423 ambigit,
695 2338 749 2403 sed
770 2338 929 2404 haeremus
950 2337 983 2401 in
1005 2338 1120 2417 altero,
1147 2340 1217 2424 quia

96 2464 199 2528 neque
221 2439 345 2518 οτοέδος
374 2464 472 2527 neque
501 2442 600 2506 similo
622 2440 781 2525 quidquam
803 2440 926 2525 legitur.
972 2431 1131 2507 Invenitur
1152 2444 1218 2528 qui·

14 2629 21 2641 ‚
96 2549 166 2611 dem
190 2567 300 2611 nomeu
322 2556 463 2610 neutunm
483 2542 523 2610 cd
545 2537 699 2630 ἐμβαδόν
728 2544 804 2627 apud
826 2542 983 2629 Polybium
1013 2553 1046 2606 et
1069 2546 1217 2629 posterio-

94 2671 161 2731 res,
185 2649 359 2733 significans
376 2644 417 2713 τδ
432 2647 502 2714 τῶν
522 2643 693 2713 ἐπιπέδων
714 2637 901 2733 σχημάτων.
911 2638 1053 2734 χῶρημω
1074 2646 1214 2713 Eustath.

96 2775 131 2837 p.
153 2750 251 2817 1029.
279 2750 331 2816 50.
364 2750 416 2835 qui
446 2770 483 2812 eo
507 2747 627 2831 saepius
648 2748 758 2822 utitur,
788 2746 910 2833 τὸτῆς
932 2745 1216 2837 οἰκίωςιέμβωδόν

96 2877 130 2939 p.
146 2852 226 2930 436,
253 2851 308 2918 40.
332 2844 481 2919 δάπεδον
503 2850 659 2918 ἐνταῦθα
680 2847 719 2916 sd
741 2850 804 2917 τοῦ
827 2844 984 2935 δώματος
1007 2849 1160 2938 ἐμβωδόν
1182 2874 1213 2938 p.

96 2955 198 3033 1655,
221 2955 276 3022 60.
304 2954 367 3022 τοῦ
389 2954 545 3042 ἐμβαδοῦ
567 2976 596 3037 p.
618 2951 715 3031 1001,
739 2953 792 3018 55.
817 2954 886 3020 τῶν
908 2952 1070 3041 ἐμβωδών
1090 2954 1214 3019 Anatol.
1349 3026 1356 3036 ,

98 3062 137 3123 de
153 3059 252 3145 Dyad.
276 3081 306 3143 p.
326 3057 379 3124 12.
404 3080 463 3141 quo
474 3057 631 3121 intellectu
648 3068 769 3121 veteres
790 3054 915 3146 χωρίον
936 3058 1101 3135 diuorum
1123 3058 1217 3121 idem·

98 3183 157 3247 que
180 3164 258 3247 apud
273 3161 437 3247 Byzantios
458 3182 515 3247 pro
540 3155 673 3247 ἒμβάτη
696 3161 763 3224 sive
785 3162 942 3248 ἔμβασις,
963 3160 1020 3224 boc
1042 3170 1091 3223 est
1110 3159 1217 3225 folium

97 3264 213 3341 balnei,
236 3275 390 3347 receptum
412 3274 462 3327 est
483 3285 515 3327 v.
532 3262 580 3327 Du
593 3262 688 3347 Cang.
715 3262 813 3351 Gloss.
839 3264 891 3327 sed
915 3284 956 3327 ex
978 3262 1034 3327 boo
1056 3262 1215 3343 vocabulo,

26 3440 35 3459 ¹
99 3367 178 3451 quod
200 3366 331 3429 fortasse
351 3366 436 3451 vulgi
466 3366 561 3430 abusu
590 3386 632 3429 ox
652 3359 806 3453 ἐμβωτόν
834 3377 1007 3450 corruptum
1028 3377 1078 3430 est
1098 3376 1133 3429 ut
1153 3370 1218 3453 ἒμ-

97 3466 205 3557 stadio
236 3490 290 3552 pso
311 3467 495 3556 ἐμβαπείω,
522 3460 643 3534 ἐνοδδιω
664 3490 719 3554 pro
741 3461 881 3549 ἐνώπια,
906 3467 1009 3553 -τῆδος
1030 3490 1084 3553 pro
1105 3467 1216 3553 τῆτες,

100 3582 229 3636 cotonea
249 3593 305 3655 pro
327 3572 467 3657 cydonia,
489 3571 642 3655 specimen
665 3593 772 3657 oapere
794 3572 891 3635 nefas.
937 3569 1052 3634 Deinde
1067 3571 1217 3655 adjectivo

98 3668 225 3763 χανδδς
253 3696 328 3739 usus
360 3674 557 3760 est‘iguotus
585 3685 674 3759 poeta
700 3675 733 3739 iu
754 3674 889 3760 Append.
920 3672 1023 3757 Epigr.
1054 3672 1215 3737 CCCLXI.

98 3782 135 3843 ἐν
156 3776 286 3867 χανδῆς
308 3776 510 3865 ζωροποτῶν
531 3768 676 3856 κύλικος,
699 3778 777 3861 quod
799 3775 972 3840 Eustatbius
996 3776 1100 3839 eodem
1122 3760 1220 3840 traxit

98 3901 129 3965 p.
144 3878 223 3957 746,
238 3878 292 3945 69.
317 3877 381 3970 <ipo
401 3877 442 3947 τδ
463 3878 600 3969 χανδῆς,
623 3872 665 3946 οδ
685 3877 709 3967 ῆ
731 3876 899 3965 ulciacensi
921 3890 1014 3945 ποιεῖ
1033 3873 1072 3943 νδ
1091 3870 1219 3966 χανδόν

97 3980 288 4073 ἐπίῤῥημω,
311 4005 368 4047 uec
380 3982 572 4047 dubitandum
585 3984 706 4049 videtur
716 3982 854 4047 Jacobsio
869 3983 907 4046 ad
920 3980 984 4045 Pal.
1002 3979 1076 4045 050.
1095 3981 1219 4046 Schnei-

100 4088 192 4152 derus
221 4098 323 4151 autem
350 4085 531 4172 tiajectione
560 4078 746 4173 syllabarum
774 4087 967 4171 depravatum
995 4093 1079 4168 putat
1099 4104 1153 4169 pro
1182 4087 1219 4149 du
1246 4152 1249 4157 ,

101 4190 210 4280 ζωρῆς
230 4187 456 4281 χανδοποτῶν
473 4189 582 4255 -ψοιιί
603 4189 842 4256 emendationem
863 4180 1041 4277 anteponam
1062 4186 1151 4253 aliam
1163 4184 1218 4251 mi·
