2792 4725
232 268 278 333 10
600 264 920 339 btssnurarto
950 268 976 334 1.

227 440 399 533 πρόβολος
412 446 462 529 ⁶),
486 439 649 527 ἄοκολος,
671 445 915 545 χοιροοφοὶμοο,
945 441 1098 534 ἅδομος,
1121 443 1326 538 α’ντᾶλλονος,
1379 471 1380 491 .

172 600 179 619 .
230 539 436 622 enoecadioe
452 551 500 631 ⁷),
535 569 661 631 quorum
683 550 829 614 nonnulla
849 550 995 633 duplicem
1024 549 1262 615 terminationem
1282 552 1325 615 ba·

228 652 300 717 bent
331 652 363 714 in
395 638 443 726 ἦ
467 662 500 715 et
530 636 580 737 ᾗ.
624 650 670 717 lta
697 653 776 717 sumi
809 662 908 737 potest
939 653 1105 739 ἔκπλογος
1135 664 1188 723 ant
1218 655 1250 718 in
1278 676 1326 719 usu

182 790 191 811 .
228 754 321 817 luisse
343 752 500 837 aliqnando
525 763 578 816 ant
601 764 682 818 certe
705 756 864 838 quominus
887 755 931 819 ita
953 756 1122 833 diceretur,
1153 756 1226 823 nibil
1248 757 1326 819 obsti·

227 854 323 932 tissa,
369 856 554 949 d'arcloyloc
583 867 681 920 antem
715 878 753 920 nc
783 868 931 922 tentatum
961 858 1079 941 quidem
1110 878 1177 923 esse
1207 859 1325 932 videtur,

228 978 289 1022 non
311 958 405 1041 magis
432 980 519 1043 quam
540 950 706 1047 βλοβλός,
731 955 851 1048 λιχλός.
893 960 948 1025 llls
971 962 1143 1045 adjunctum
1169 971 1216 1025 est
1237 959 1325 1023 Scbol.

226 1059 322 1124 Arist.
348 1059 427 1123 Plnt.
451 1083 483 1124 v.
509 1060 540 1125 l.
572 1056 640 1127 α’πὸ
668 1060 731 1126 τοῦ
759 1056 885 1150 ἄλγους
915 1057 1079 1149 depoldus
1106 1060 1150 1137 nic
1172 1060 1328 1149 ποδολμό

226 1159 415 1249 ποδορμιό,
447 1164 524 1246 quod
545 1164 641 1247 ipsum
664 1184 726 1229 uon
748 1164 861 1249 legitur
885 1166 937 1229 sed
960 1158 1152 1253 οτόμοργος
1179 1177 1212 1229 et
1231 1159 1328 1253 plain-

229 1288 352 1352 coppcr
379 1285 397 1328 a
426 1264 581 1329 nonnullis
610 1265 667 1329 buc
688 1267 799 1331 referri
825 1267 927 1333 solent
955 1269 996 1333 cf.
1019 1255 1197 1335 Doederlin.
1222 1270 1326 1353 sporn.

227 1365 262 1430 T.
288 1366 341 1431 lV.
364 1364 439 1433 424.
486 1366 564 1436 Tres
583 1367 717 1453 syllabae
740 1369 777 1431 ab
799 1372 901 1433 eadem
923 1369 1011 1435 litera
1033 1370 1135 1436 induci
1157 1391 1219 1435 non
1240 1369 1330 1433 solent

226 1478 435 1554 praeterquam
451 1468 483 1532 in
498 1468 733 1552 reduplicatione
751 1471 1003 1558 ἐκλελαληκέναι
1016 1472 1173 1538 Demostb.
1191 1471 1266 1548 354,
1280 1470 1326 1537 25.

225 1572 254 1635 A
274 1569 448 1657 λιλαίομαι
469 1593 563 1646 vero,
589 1573 666 1655 qnod
688 1593 781 1635 uuum
805 1572 873 1637 buic
894 1574 992 1640 simile
1014 1576 1159 1651 verbnm,
1184 1572 1330 1661 λελιημέ-

226 1697 287 1747 νος
315 1674 387 1737 duci·
407 1683 513 1737 auctor
539 1684 585 1737 est
607 1673 795 1739 Herodianus
817 1674 919 1749 Sebol,
943 1676 979 1741 ll.
1005 1679 1059 1744 M.
1085 1674 1159 1741 106.
1206 1679 1331 1758 Quatuor

227 1777 342 1840 lambda
360 1774 567 1859 constipantur
585 1798 626 1841 ex
645 1798 811 1861 congressu
828 1779 1046 1862 disjunctorum
1062 1774 1134 1846 ἀλλ’
1148 1774 1234 1869 ἄλλῃ
1250 1780 1328 1843 Dan.

226 1879 262 1943 da
286 1878 352 1942 Hal.
374 1876 501 1954 85,19.
526 1875 597 1945 ἀλλ’
612 1874 718 1947 ἄλλον
740 1900 768 1963 p.
790 1878 936 1955 720,12.
960 1875 1032 1947 ἀλλ’
1049 1877 1151 1955 ἄλλος
1173 1875 1261 1968 ἄλλῳ
1280 1880 1332 1945 Ar.

226 1980 354 2047 chilocb.
372 1980 423 2045 Fr.
439 1981 542 2047 XXV.
560 1980 615 2047 97.
638 1977 710 2049 ἄλλ’
725 1977 833 2057 ἄλλος
850 1982 940 2066 Sopb.
958 1983 1031 2048 Oed.
1049 1985 1085 2048 Τ.
1104 1983 1200 2067 1151.
1217 1984 1329 2049 belian.

226 2083 265 2149 V.
288 2084 325 2148 H.
345 2082 425 2148 Vlll.
450 2083 482 2147 6.
507 2084 619 2149 Herod.
644 2083 681 2146 ll.
707 2082 782 2146 117.
807 2083 859 2147 111.
885 2084 937 2149 16.
962 2087 1011 2150 nbi
1033 2097 1065 2149 et
1086 2086 1175 2170 plene
1196 2086 1332 2151 scribitur

225 2182 310 2253 α’λλοὶ
332 2181 433 2259 ἄλλος
455 2196 489 2249 ut
509 2184 546 2249 L.
565 2184 617 2249 lV.
643 2184 716 2249 192.
744 2196 775 2250 et
795 2186 875 2250 Plnt.
900 2188 936 2251 dc
958 2187 1041 2253 Fort.
1065 2210 1095 2273 p.
1114 2186 1189 2255 308.
1214 2190 1251 2253 T.
1269 2186 1331 2257 Vll.

224 2324 269 2337 -
295 2272 465 2375 Mytacismi
493 2286 632 2361 nornine,
666 2288 693 2352 si
722 2298 841 2351 nostras
870 2290 1054 2355 consulimus
1080 2312 1188 2367 aures,
1225 2289 1333 2375 culpari

224 2401 324 2476 potest
344 2388 548 2476 μεμίμημαι
570 2389 680 2454 Herod.
700 2391 738 2456 ll.
764 2389 817 2455 78.
841 2391 1031 2478 Ρ1ο1.1.ο33.
1057 2392 1095 2457 ll.
1120 2388 1196 2464 668.
1222 2395 1259 2458 Ε.
1278 2395 1333 2457 Lu·

225 2493 303 2558 ciau.
330 2492 415 2556 Rhet.
438 2491 561 2556 Praecc.
587 2493 615 2574 ἓ.
640 2492 672 2558 6.
698 2495 734 2556 1ο
756 2495 820 2558 Dea
841 2495 913 2580 Syr.
938 2495 966 2578 ἕ.
987 2495 1041 2565 40.
1065 2497 1154 2560 Pans.
1171 2495 1212 2560 V.
1232 2496 1284 2574 11,
1301 2495 1332 2565 2.,

224 2595 359 2658 Demetr.
383 2595 419 2658 de
436 2594 522 2657 Eloc.
549 2616 575 2658 ο.
593 2594 647 2658 24.
674 2597 962 2688 συμμεμιγμένον
982 2597 1089 2684 Lysias
1105 2598 1243 2682 Epitapb.
1262 2596 1333 2672 104,

225 2697 277 2763 15.
316 2696 648 2784 ονμμεμοιρομένον
675 2699 717 2763 Μ.
745 2701 859 2762 Αοιοο.
889 2698 927 2763 11.
956 2699 988 2764 5.
1028 2692 1334 2788 ’συμμνημονεύειν

222 2800 266 2866 11.
292 2800 343 2862 111.
369 2798 420 2864 10.
456 2799 607 2864 Plutarch.
633 2801 668 2864 de
690 2799 739 2866 lra
760 2801 817 2865 Xl.
840 2800 917 2865 441.
953 2799 1046 2866 Alex.
1070 2803 1163 2886 Apbr.
1188 2803 1220 2866 in
1242 2802 1332 2886 Sopb.

222 2903 272 2968 El.
297 2925 326 2988 p.
350 2901 406 2978 42,
428 2923 457 2966 a.
496 2897 841 2990 οἷπομεμνημόνεοκο
867 2904 946 2968 Plnt.
971 2905 1007 2968 de
1029 2904 1144 2974 Comus.
1170 2904 1256 2969 Nott.
1278 2902 1333 2980 26,

154 3053 158 3062 «
223 3004 297 3070 370.
322 3027 375 3090 pro
398 3027 456 3088 quo
478 2998 720 3092 ἐμνημόνουνοο
742 3006 854 3090 legitur
875 3006 952 3070 Plat.
976 3007 1071 3090 Legg.
1095 3007 1174 3071 Vlll.
1197 3005 1274 3073 672.
1295 3007 1331 3070 Ε.

221 3107 342 3192 loseph.
373 3130 401 3172 c.
424 3105 533 3191 Apion.
564 3107 589 3173 l.
614 3107 645 3171 1.
676 3109 730 3172 sed
757 3129 864 3172 rursus
891 3106 1075 3194 μέμνημαι
1100 3110 1231 3175 obtinuit
1259 3109 1334 3194 apud

223 3230 344 3284 omnes,
369 3210 716 3297 ονμμνημονεοέσθω
740 3209 847 3274 Galen.
871 3210 987 3274 Comm.
1011 3213 1043 3274 in
1066 3212 1102 3275 L.
1126 3213 1162 3276 de
1181 3211 1283 3276 Fract.
1307 3211 1342 3274 1..

224 3308 256 3386 1,
277 3310 352 3376 327.
376 3312 413 3375 Τ.
429 3312 541 3378 XVlll.
566 3314 600 3378 P.
617 3313 656 3378 11.
681 3324 713 3378 et
732 3311 1020 3400 μεμνηονεομένη
1041 3314 1189 3378 Artemid.
1214 3314 1254 3379 ll.
1279 3313 1332 3388 12,

222 3463 433 3480 m
475 3471 478 3477 ι

291 3551 318 3618 d)
336 3551 378 3602 Sic
396 3554 463 3620 apud
477 3553 633 3624 llespchinm
651 3554 786 3616 scribitur,
805 3549 959 3622 opdpattoe
974 3553 1049 3606 Pbot.
1070 3560 1100 3604 nt
1115 3549 1335 3622 cinomannici-

219 3632 334 3698 βολλοσ,Ι
362 3645 500 3707 oxytonum
523 3637 681 3711 νίροβαλλόσ
703 3640 832 3692 Arcadius
857 3640 952 3690 sanxit.
990 3640 1031 3691 11Ιί
1054 3640 1180 3692 similiora
1201 3637 1335 3712 culpator

221 3719 356 3792 (ε’πιθλήσ)
375 3725 533 3792 amphibalus
552 3728 607 3778 sive
626 3728 810 3795 amphibalum,
830 3725 981 3786 fustibnlos,
1016 3725 1054 3777 llo
1072 3721 1221 3798 ἀρύβαλλος
1238 3735 1267 3780 et
1283 3747 1335 3796 κητ

220 3804 330 3876 κλβαλοσ
347 3825 436 3877 parurn
454 3821 565 3865 constat.

263 3948 264 3957 ,
289 3873 461 3968 7)”Αθλιβοσ
475 3900 603 3956 incertum
617 3905 658 3950 est
674 3906 762 3950 utrum
778 3898 810 3949 ab
826 3899 924 3950 aoristo
939 3899 1044 3949 ductum
1061 3898 1106 3958 sit,
1126 3904 1157 3950 ut
1170 3886 1335 3966 νομινὸτρι-

214 3981 277 4047 plot,
295 3975 485 4054 upadorpciroo,
503 3999 536 4035 an
554 4001 569 4036 a
585 3986 716 4052 praesenti
732 3991 763 4035 nt
776 3976 905 4051 ἔτερπον,
923 3976 1057 4046 innodet,
1074 3976 1234 4050 oidlyyusoe,
1251 3978 1336 4038 Ἐπι-

90 4125 92 4132 .
219 4051 353 4133 τύγχονον
374 4067 408 4120 11.
435 4068 681 4127 Anton.vl11.25.
706 4064 944 4140 φιλομεμφότατος
966 4065 1099 4119 Plutarch.
1123 4066 1220 4121 Parall.
1248 4069 1280 4122 T.
1301 4067 1333 4120 ll.

221 4162 245 4215 p.
266 4149 326 4213 301,
347 4152 388 4207 14.
416 4153 517 4210 Sobaef.
537 4159 603 4225 qnod
622 4155 778 4210 Scbaelerus
794 4155 907 4208 miratm
924 4149 982 4204 Vol.
1002 4151 1047 4205 tv.
1066 4151 1126 4207 410.
