2792 4725
189 290 242 357 DE
258 282 395 353 NOMlN.
418 278 575 348 nuthet.
589 278 641 347 El*
657 278 1042 347 sttst.ot1t.ttffltu.
1059 282 1088 365 ἓ.
1102 281 1136 348 2.
1159 282 1228 349 537

117 474 163 539 sni
185 468 310 544 avulsa3
333 464 386 531 illa
407 474 519 539 autem,
543 482 619 547 quae
639 462 706 546 ipsa
726 462 825 547 specie
847 480 903 526 sua
923 460 1162 526 determinantur
1181 474 1226 527 at-

118 594 175 658 que
187 575 231 637 ita
246 569 376 653 quidem,
399 577 434 632 ut
455 565 482 631 si
503 565 569 649 quis
586 563 738 630 audiverit
751 564 861 629 librum
874 563 1020 649 quendam
1035 563 1228 650 ereplleov-
1295 581 1302 598 “

117 677 181 761 τῆς
201 670 378 755 inscriptum
407 688 495 743 esse,
525 666 630 731 eodem
650 665 781 750 vestigio
807 666 894 751 pellis
923 665 1064 751 cogitatio
1092 667 1229 734 subitura

120 778 173 853 sit,
202 768 504 860 pseudosnhstautiva
537 768 589 833 vel
621 767 888 833 semisnhstantiva
923 766 1027 833 vocari
1057 780 1225 836 merentur.

119 880 307 944 Ducentem
329 873 417 958 hujus
447 869 569 955 generis
591 869 739 955 adjectiva
766 868 946 935 transitione
974 871 1012 935 ad
1040 872 1229 937 substantiva

120 981 200 1045 facta
219 978 363 1061 majorem
384 974 497 1037 formae
521 972 717 1035 mutationem
738 971 896 1036 snhiernnt
917 967 1023 1062 ἰχθύα
1044 972 1119 1057 (nisi
1139 974 1169 1037 id
1190 976 1228 1039 ad

121 1066 1225 1161 mmmmmMfflmffifflfflfflffl.

122 1181 188 1246 Vll.
212 1179 265 1247 62.
288 1180 331 1243 Χ.
357 1173 430 1243 186.
452 1173 619 1240 Philemon.
644 1172 778 1239 Gramm.
801 1176 830 1260 ἕ.
850 1174 924 1240 368.
947 1177 1228 1269 ααάῳᾱῂαῑίναια

122 1283 209 1362 cido,
232 1281 287 1350 ciui
310 1280 374 1345 sive
401 1273 448 1367 pini
471 1276 697 1354 incidedebat,
721 1271 779 1345 <ieci
800 1270 942 1364 μαλατή
964 1262 1092 1365 llesy'ch.
1124 1281 1228 1346 Tertio

121 1387 189 1452 loco
211 1385 340 1450 referam
361 1380 482 1447 nomina
503 1380 643 1443 arborum
665 1378 902 1465 fructicumque,
931 1402 1007 1465 qnae
1028 1404 1047 1447 a
1068 1384 1227 1460 fructibus,

122 1501 157 1554 ut
177 1489 209 1553 in
232 1486 354 1551 novitiis
376 1482 549 1569 quibusdam
570 1481 704 1567 linguis,
726 1482 931 1567 cognominari
952 1484 1052 1548 solent
1072 1481 1231 1575 τέμαγέα-

123 1591 178 1678 Aoi,
202 1587 298 1675 συκῆ,
312 1585 410 1678 ῥοδῆ,
431 1584 555 1671 accolo,
576 1582 699 1671 μαλέα,
720 1583 841 1671 μορέα,
857 1606 983 1668 qnorum
1006 1588 1063 1653 dno
1078 1600 1230 1673 postrema

123 1692 298 1761 Eustathius
319 1711 350 1774 p.
379 1684 475 1765 1963,
499 1685 552 1751 54.
577 1707 595 1750 a
618 1686 748 1773 μῆλον,
774 1682 906 1777 μόρον,
928 1689 1145 1774 adjectivorum
1169 1693 1232 1757 ritu

124 1796 260 1862 derivata
280 1790 373 1867 dicit;
399 1809 496 1872 neque
517 1787 607 1853 aliter
627 1787 727 1853 sentio
752 1789 788 1853 de
812 1788 968 1876 κερασέα,
989 1793 1159 1861 καστακέα
1166 1799 1230 1879 ²⁰),

123 1894 300 1983 κοκκαγέα,
323 1888 549 1977 κοκκυμηλέα,
573 1890 776 1977 annotatis,
801 1893 898 1976 picea,
920 1894 1035 1973 laurea,
1058 1895 1148 1962 vinea
1171 1899 1231 1980 (vi-

124 2001 192 2083 tis).
215 1997 299 2061 Haud
313 2014 407 2077 aeque
420 1992 514 2077 liquet
530 1992 691 2077 originatio
704 1995 858 2060 nominum
868 1996 1003 2077 πτελέα,
1018 1997 1101 2081 ἰτέα,
1113 1993 1230 2078 cincio,

126 2102 179 2167 sed
201 2101 228 2165 si
249 2102 440 2185 conjecturae
461 2094 558 2172 locus,
582 2095 710 2181 primum
724 2099 870 2183 patulam
902 2099 1073 2184 significare
1098 2101 1230 2182 videtur,

127 2203 204 2289 quod
226 2213 257 2267 et
286 2201 359 2267 ulmi
388 2196 542 2285 epitheton
570 2199 723 2285 proprium
745 2200 830 2265 Pers.
862 2201 925 2266 Sat.
950 2201 1002 2266 lll.
1025 2200 1058 2266 6.
1089 2214 1120 2268 et
1151 2226 1231 2269 com·

126 2327 217 2372 mune
240 2298 379 2371 arborum
402 2302 609 2388 complurium.
654 2302 823 2390 Hesychius
844 2302 981 2372 Πτελέα
997 2340 1040 2353 -
1053 2303 1143 2381 εἶδος
1156 2305 1233 2376 δέκ-

128 2408 224 2496 δροτ,
247 2419 279 2473 et
298 2397 558 2493 Hecp'locncdc
577 2402 776 2492 θαμνώδεις
799 2404 968 2494 φοίνικας,
991 2408 1070 2472 nude
1091 2420 1123 2474 et
1137 2409 1231 2496 Nym·

128 2512 203 2597 phac
225 2510 345 2574 Pteleon
367 2529 477 2573 nomen
506 2509 625 2574 ductum
658 2509 780 2574 videtur
804 2507 916 2574 Athen.
943 2508 996 2574 lll.
1020 2508 1072 2574 78.
1094 2511 1130 2574 B.
1154 2514 1233 2596 quod

128 2614 163 2680 in
184 2613 267 2677 codd.
291 2608 435 2679 πεταλέα
456 2609 608 2688 scribitur,
632 2622 817 2696 cognataque
836 2611 899 2676 illis
922 2611 1059 2689 πτέλας,
1080 2607 1231 2701 πατααη,

130 2727 245 2801 patera.
289 2708 380 2782 Ἰτέα
397 2713 489 2788 salix,
513 2735 600 2798 quam
613 2714 746 2781 Arcades
767 2710 880 2800 ἑλέτην
894 2715 1048 2791 dixerunt,
1070 2736 1137 2780 cnm
1149 2716 1232 2794 vieo,

130 2819 245 2892 vimen,
268 2816 339 2882 vitis
361 2815 455 2897 (dict)
477 2836 613 2899 magnam
635 2814 860 2880 similitudinem
885 2816 984 2893 habet,
1006 2837 1043 2882 ac
1064 2818 1233 2884 breviorem

131 2920 257 2984 formam
287 2916 456 2982 asservavit
489 2916 594 2980 Suidas
617 2909 714 2991 Ἵτας
741 2917 826 2986 ἰτέα.
880 2918 1016 2983 Tertium
1046 2914 1150 2988 α’κτέα
1177 2922 1234 2988 hoc

131 3021 219 3085 modo
249 3021 282 3084 in
308 3019 432 3084 Luciani
468 3019 591 3104 quodam
620 3040 713 3111 versu
742 3019 906 3098 scribitur,
935 3017 1055 3097 αἷκτέος
1082 3023 1115 3086 in
1147 3025 1231 3089 codd.
1318 3075 1320 3081 .

132 3122 326 3207 Theophrasti
351 3122 388 3186 H.
413 3121 457 3186 Pl.
482 3121 534 3185 Ill.
559 3119 602 3199 4,
623 3121 656 3188 2.
681 3133 713 3186 et
732 3121 870 3187 vitiosius
898 3123 959 3209 τῆς
984 3119 1103 3199 device
1125 3125 1233 3203 Galen.

132 3225 210 3309 Eup.
233 3224 270 3292 ll.
294 3223 347 3302 17,
372 3223 447 3289 456.
472 3245 525 3310 pro
545 3221 686 3300 αἷκτέας,
708 3224 800 3308 vulgo
822 3236 922 3289 autem
943 3219 1029 3312 α’κτή
1050 3249 1111 3291 non
1137 3229 1235 3295 solnm

133 3326 167 3390 in
186 3326 382 3412 Theophrasti
412 3325 510 3403 libris,
531 3328 581 3390 ubi
601 3325 807 3390 Schneiderus·
827 3339 982 3392 accentum
1003 3329 1134 3409 inflexit,
1157 3333 1236 3397 sient

135 3439 183 3493 est
203 3428 288 3492 Paul.
312 3429 387 3513 Aeg.
409 3428 448 3493 V.
473 3427 507 3510 3,
532 3425 605 3496 162.
630 3439 660 3493 et
681 3429 749 3492 aliis
771 3427 864 3507 locis,
893 3431 946 3493 scd
968 3431 1058 3497 etiam
1079 3433 1165 3519 Hipp.
1198 3437 1234 3500 de

135 3530 233 3594 Diaet.
258 3529 296 3594 ll.
325 3527 401 3595 688.
430 3530 467 3595 Τ.
494 3530 520 3594 l.
549 3533 586 3596 de
607 3529 678 3594 Nat.
702 3529 776 3594 Mul.
805 3551 835 3614 p.
861 3529 935 3596 541.
967 3532 1003 3596 Τ.
1027 3533 1065 3598 ll.
1096 3535 1132 3599 de
1158 3537 1232 3600 Mul.

133 3633 231 3697 Morh.
254 3653 283 3717 p.
294 3632 369 3697 878.
394 3631 501 3698 Galen.
524 3633 600 3719 Eup.
614 3632 652 3697 ll.
670 3632 704 3710 1,
721 3631 795 3698 393.
814 3644 876 3698 etc.
900 3646 935 3699 ut
954 3628 1065 3723 φακή,
1087 3631 1236 3725 αηααμή,

136 3735 184 3799 cni
205 3737 306 3800 tonosi
326 3736 468 3802 convenit
497 3736 676 3822 adjectivum
697 3729 851 3821 (ἔκτικας,
882 3741 959 3822 qnod
980 3733 1133 3815 ἄκτέὶκος
1161 3742 1236 3806 scri·

204 3992 250 4058 2⁰)
265 3987 453 4061 Ἀμαγδαλέτκ,
468 3996 593 4062 monotes
608 3993 703 4063 Geopp.
720 3995 762 4049 ΙΙΙ.
780 3997 804 4049 1.
823 4001 968 4059 mavia,
985 4001 1097 4066 καρκαέα
1111 3999 1153 4052 lll.
1167 4002 1194 4060 4,
1207 4001 1236 4055 2.

135 4071 299 4213 sspapppniiv,
314 4081 444 4150 κερααέαν
458 4080 499 4142 13,
519 4081 544 4134 4.
565 4085 709 4136 remorata
724 4082 815 4138 Galen.
836 4085 868 4136 de
886 4084 975 4152 Temp.
991 4084 1058 4137 Mad.
1070 4084 1116 4137 Ν.
1128 4087 1162 4146 8,
1173 4086 1234 4138 648.
