2792 4725
314 322 374 398 nn
402 324 568 398 nonin.
596 325 771 397 nonos.
801 327 839 396 c.
858 325 929 396 ru.
959 325 1036 417 po.
1163 329 1231 402 ers
1266 337 1277 360 ·

116 499 344 579 memorabilior
363 509 484 581 uncas
505 507 628 578 licentia
647 507 790 574 hiberum
812 519 930 598 petrem
950 501 1155 602 διθδραμβα
1174 534 1232 580 ro·

118 615 217 684 eantis
237 614 360 700 Fragm.
382 634 412 697 p.
438 611 512 678 585.
536 612 677 676 nimirum
697 611 736 675 ad
759 613 985 696 exprimendum
1007 625 1131 700 etymon
1146 613 1232 684 λῦθι

118 715 258 808 ῥάμμα.
301 718 341 780 Et
368 716 401 780 iu
422 715 611 790 universnm,
635 714 663 781 si
686 715 839 799 proprium
858 710 928 790 ’Ate
948 717 1228 800 praetermittimus,

116 821 235 886 nullum
263 818 416 904 reperitur
452 816 540 902 hujus
572 817 781 886 declinationis
811 818 1003 903 exemplum,
1037 821 1122 906 cujus
1150 821 1230 886 ratio

116 922 280 1010 probabilis
302 920 386 987 reddi
408 941 469 983 non
490 919 599 1004 possit.
642 918 720 983 Nam
749 929 780 984 et
800 913 1066 1005 ἀνδραπόδεσσι,
1093 943 1149 1007 pro
1172 945 1230 1009 quo

114 1023 311 1091 Aristarchus
331 1023 475 1087 usitatum
496 1011 725 1109 ἀνδραπόδοις
747 1022 917 1104 (Demosth.
942 1045 973 1108 p.
987 1021 1063 1102 oto,
1082 1025 1136 1090 11.
1150 1025 1232 1091 iam·

115 1127 209 1193 blicb.
234 1126 336 1191 Protr.
365 1147 397 1211 p.
420 1122 496 1192 220.
529 1123 621 1209 Corp.
645 1124 785 1210 inscript.
808 1125 943 1190 Addond.
967 1147 997 1211 p.
1023 1127 1090 1212 Gi.)
1120 1131 1231 1197 πολι).

114 1229 294 1320 δέσδρεσσι
321 1229 397 1293 Eur.
421 1227 530 1292 Broch.
555 1226 631 1293 552.
664 1237 787 1316 apparet
808 1228 921 1292 directe
943 1247 1011 1295 esse
1032 1231 1069 1294 ad
1091 1231 1232 1298 similitu·

116 1334 219 1397 dinem
241 1331 431 1416 simplicium,
453 1339 484 1395 et
504 1328 741 1417 πυργσιιέρασα
762 1351 824 1394 uon
846 1341 960 1395 temere
982 1333 1168 1418 surrepsisse
1185 1335 1233 1399 ri·
1316 1391 1319 1400 .

118 1435 211 1501 detur
230 1435 283 1498 scd
305 1433 374 1520 quia
393 1432 566 1498 terminatio
587 1431 765 1497 nominativi
787 1433 886 1521 κέρας
907 1435 1068 1500 memoriae
1091 1437 1233 1502 inhaere·

116 1540 183 1616 bat,
206 1558 225 1602 a
245 1558 304 1621 quo
326 1536 354 1601 si
375 1535 555 1621 adjectivum
574 1546 817 1620 componeretur,
839 1535 868 1599 id
891 1557 953 1602 non
977 1536 1067 1602 aliter
1087 1537 1233 1602 declinari

117 1626 332 1728 possct'puam
353 1629 486 1726 εὔκρας.
527 1636 705 1721 Apollonius
727 1637 764 1702 de
784 1637 863 1705 Adv.
877 1637 993 1722 p-iriiii.
1015 1638 1072 1706 col
1088 1639 1142 1706 ἐπ’
1156 1633 1233 1708 σ’νο·
1298 1623 1310 1650 ’

117 1736 496 1832 μδτααμεταπλασμοὶ
515 1737 673 1828 γίνονται
685 1733 845 1828 καθάπερ
865 1740 904 1807 ed
923 1738 1155 1830 ἐρυσάρματες
1160 1791 1172 1823 ,
1193 1740 1233 1810 cd

117 1848 212 1927 λῖτα,
225 1841 264 1912 ed
277 1841 371 1932 scepei
381 1845 525 1930 Σαπφοῖ
537 1837 665 1927 coion),
686 1838 727 1908 sd
739 1843 976 1932 πυργοκέρατα
991 1842 1085 1933 παροδ
1094 1848 1234 1936 Βακχα-
1286 1927 1288 1934 Α

118 1948 218 2040 λίδῃ,
247 1948 324 2034 quod
355 1947 393 2010 ad
421 1947 536 2032 Phryu.
566 1967 597 2031 p.
621 1941 697 2008 658.
730 1945 882 2029 composui
918 1967 985 2010 oum
1012 1946 1234 2032 Aristophaneo

119 2048 312 2138 ὑψικέρατα
326 2048 457 2134 πέτραν
469 2048 567 2114 Nubb.
588 2047 663 2114 597.
686 2046 739 2110 ubi
761 2046 861 2110 Schol.
876 2041 1124 2135 μεταπλασμός
1142 2053 1235 2126 ἔστιν

118 2154 203 2225 cinci
225 2152 288 2244 coci
310 2149 532 2240 oipeus'pocov.
582 2151 659 2216 linio
686 2149 830 2228 similem,
846 2150 1062 2215 nominativum
1090 2151 1235 2236 pluralem

122 2258 229 2324 nescio
258 2257 338 2322 unde
369 2256 457 2320 affert
484 2255 654 2342 Hesychius
682 2250 934 2337 Λεακοκὲρατες
963 2253 1029 2339 (vel
1052 2253 1236 2346 λευκόιρω.

120 2365 193 2445 τες)
210 2358 265 2429 deci
278 2357 317 2427 cd
329 2355 410 2434 eoric
427 2365 465 2427 ἔα
478 2354 616 2450 Εὐβοίᾳ
633 2357 720 2446 βοῦς
735 2351 874 2431 λεακοδς
887 2355 987 2424 εἶναι.
1016 2357 1138 2434 Detivo,
1158 2359 1237 2444 quod

120 2464 304 2553 mirabilius,
326 2458 400 2528 usus
421 2474 469 2527 cst
490 2462 613 2527 Photius
634 2454 830 2547 Ὀξυπρῶρῳ
849 2454 975 2549 ταύρῳ,
987 2458 1033 2549 epi
1052 2456 1235 2549 ὄξακέρατι.

121 2568 206 2633 liaeo
227 2566 255 2630 si
284 2566 350 2651 quis
372 2567 547 2651 metaplasta
576 2584 751 2650 nuncupere
772 2564 922 2639 obstinet,
954 2583 1014 2627 uon
1037 2564 1239 2644 intercedam,

120 2670 211 2736 modo
233 2679 413 2754 separentur
432 2690 452 2733 a
473 2669 665 2733 dissimilibus
680 2662 940 2754 σῖιιδραπόδεσσι,
960 2664 1234 2752 πολαδένδρεσσι.

119 2772 200 2839 liam
223 2769 261 2838 cd
277 2766 489 2860 διδράποιια,
510 2766 787 2857 τδπολσδεαδρὲς
801 2769 958 2855 analogiae
981 2790 1042 2833 uon
1053 2758 1244 2855 repugnant,

121 2876 178 2941 sed
197 2870 362 2962 δψίιιερας
383 2875 435 2939 rel
462 2874 611 2951 maxime;
646 2894 738 2957 quare
770 2872 1004 2960 componendum
1035 2894 1103 2936 cum
1124 2872 1239 2957 simpli·

122 2978 228 3054 cibus,
252 2998 327 3063 quac
359 2978 388 3063 §.
413 2977 445 3043 3.
478 2976 686 3052 exhibuimus,
710 2996 836 3060 quorum
857 2974 970 3059 primus
993 2995 1081 3039 casus
1103 2996 1164 3038 uon
1187 2996 1238 3039 so·

121 3080 192 3144 lum·
209 3079 373 3145 inusitatus
395 3080 448 3145 sed
474 3079 563 3167 piane
584 3080 704 3166 penitus
736 3069 884 3166 α’ῥρησος
906 3088 973 3152 est,
1005 3076 1114 3161 obliqui
1136 3088 1238 3141 autem
1290 3112 1300 3125 ·

122 3204 213 3247 casus
233 3184 472 3267 reprehensione
495 3191 611 3246 carent.
656 3182 696 3245 Et
724 3182 759 3245 ob
783 3180 839 3244 hoc
864 3180 960 3263 ipsum
983 3179 1073 3242 malui
1095 3178 1238 3264 acephala

120 3307 249 3363 vocare,
272 3296 307 3350 ut
328 3298 360 3351 et
380 3280 624 3374 ἐρυσάρματες,
648 3285 726 3372 quod
746 3284 847 3369 Etym.
872 3280 1003 3361 11105,
1028 3279 1081 3345 48.
1107 3303 1149 3347 cx
1166 3286 1238 3367 ipu-

122 3381 297 3475 σσῖρματοι
318 3389 563 3473 transfiguratum
586 3388 668 3453 dicit.
714 3386 833 3450 Etenim
850 3384 1007 3449 barbarum
1026 3394 1084 3463 est,
1109 3386 1185 3469 quod
1206 3387 1240 3448 in

122 3490 206 3555 Lex.
237 3490 385 3576 Apostolii
415 3513 463 3576 ap.
493 3491 663 3556 Aihcrtinm
692 3488 830 3553 ad‘iies.
854 3488 890 3551 Τ.
916 3487 954 3550 11.
979 3486 1074 3552 1451.
1099 3487 1239 3564 offertur,

123 3585 322 3681 ἐρασσῖρμας
335 3594 478 3670 emerius,
501 3613 628 3678 proquo
643 3582 949 3681 ἔρασιὲρριαποςδίσί
966 3601 1094 3675 oportet,
1111 3602 1145 3656 ut
1161 3594 1240 3681 ῥιμ-

112 3688 323 3784 -φσῖρματος,
347 3690 557 3783 εὕσώματος,
581 3695 764 3784 dissipator,
787 3687 985 3783 βραχύωτος
1006 3704 1066 3758 etc.
1090 3694 1142 3757 sed
1165 3692 1240 3763 obli-

127 3801 194 3885 quis
218 3801 255 3864 ad
279 3800 424 3885 simplicis
445 3799 670 3863 similitudinem
691 3798 786 3863 relabi
801 3797 991 3882 permissum.
1040 3796 1123 3876 Quae
1140 3807 1241 3859 autem

127 3903 206 3967 nulii
228 3902 336 3967 horum
358 3922 505 3989 generum
527 3901 634 3988 subjici
656 3912 802 3985 possunt,
828 3920 864 3964 ea
885 3910 937 3963 aut
958 3898 1090 3965 aeolicae
1112 3898 1243 3962 declina·
1303 3915 1307 3923 ·

199 4138 246 4206 28)
262 4137 367 4205 Frugm.
387 4134 480 4191 cxlv.
500 4138 545 4190 ubi
556 4134 657 4190 Nouius
674 4137 751 4190 affert
768 4133 857 4207 Etpm.
870 4128 922 4205 τήν
937 4129 978 4205 ἠῶ
994 4131 1024 4189 oi
1037 4128 1148 4191 Aioici's
1165 4126 1244 4189 αῧαι.

129 4222 301 4279 b'eribendum
317 4226 425 4278 ridetur
441 4218 540 4295 oddar,
559 4239 701 4277 auroram.
963 4301 1030 4371 ¹2·
