2792 4725
160 337 163 343 ·
239 342 284 411 11
492 414 497 429 .
606 340 930 411 nrssnururro
958 346 983 409 1.

231 524 328 613 ,Hyr-t.
352 546 382 610 p.
407 520 481 588 133.
505 522 542 589 Τ.
566 520 618 588 111.
643 524 759 590 Anecd.
780 528 825 608 ¹²)
866 518 1094 616 Ἐχθρὸτερος
1115 548 1157 593 cx
1177 526 1327 616 Thucydide

238 628 327 693 allert
344 626 550 693 Antiattioista
567 626 682 693 Auecd.
703 650 734 713 p.
753 626 809 693 92.
833 628 1006 713 obtinetque
1028 630 1085 695 boo
1105 630 1185 695 idem
1204 624 1236 695 in
1252 630 1326 716 Sopb.

238 729 311 795 Ocd.
335 729 372 794 Τ.
397 728 492 795 1346.
523 731 634 795 Herod.
659 730 695 793 de
718 729 807 795 Polit.
831 751 861 815 p.
886 729 939 795 51.
963 730 1000 795 Τ.
1024 730 1104 796 VIII.
1135 732 1330 799 Pleuronia

118 868 121 877 =
237 834 316 900 Virt.
334 832 426 897 Alex.
447 828 470 896 l.
489 831 543 910 11,
556 830 612 896 47.
635 831 672 896 Τ.
690 830 746 896 1Χ.
764 844 796 897 et
813 832 900 897 llem.
918 834 955 899 de
975 833 1045 899 Pae.
1065 833 1128 911 61,
1147 834 1202 903 26.
1217 837 1329 901 sednon

236 938 303 1003 sine
320 934 409 1001 rivali
422 956 455 1000 v.
471 932 626 999 Scbaeler.
642 936 679 999 ad
695 934 727 999 1.
745 932 769 999 l.
784 930 994 1024 οἰκτρότερος
1007 936 1081 1001 Eur.
1096 936 1231 1003 Phoenn.
1248 936 1328 1003 1337.

234 1039 412 1125 saepiusque
438 1029 647 1126 μακρότερος
674 1048 723 1117 et,
755 1039 831 1123 quod
861 1038 938 1101 idem
964 1038 1093 1104 Thomas
1121 1041 1265 1126 improbat
1287 1039 1330 1104 sed

233 1142 352 1207 ratione
374 1140 543 1218 subtracto,
567 1130 791 1231 αἰοχρότερος.
828 1138 893 1227 1111
914 1141 1009 1226 magis
1030 1144 1192 1228 persuadet
1211 1142 1330 1206 'Ibeodo-

234 1244 298 1310 sius
317 1243 450 1307 Gramm.
475 1263 504 1327 p.
527 1240 601 1306 134.
624 1241 747 1331 νέκταρ
769 1242 931 1330 νέκταρος
953 1243 1116 1322 declinari,
1140 1267 1204 1311 non
1224 1244 1330 1312 τέκτα-

232 1371 309 1427 τος,
332 1345 437 1433 φρέαρ
459 1356 558 1409 autem
581 1344 727 1433 φρέατος
749 1345 991 1433 1ο1φρέαρος,
1014 1368 1054 1411 ne
1074 1348 1107 1412 in
1128 1348 1183 1413 illo
1205 1332 1330 1427 literae]

231 1450 266 1515 in
287 1450 343 1513 hoo
362 1436 589 1534 {inconcinne
613 1448 802 1533 geminem„
839 1470 910 1513 nanu
936 1448 1070 1514 verbalia
1097 1450 1200 1517 omnia
1225 1460 1331 1536 praeter

231 1551 342 1638 θέναρ
365 1536 462 1637 per—c*
481 1550 682 1629 declinantur,
706 1550 828 1637 νέκταρ
851 1572 926 1616 τοτα
946 1562 981 1615 ut
1001 1554 1073 1638 ἔαρ.
1113 1552 1173 1617 Sed
1195 1573 1330 1641 nosque

231 1678 289 1742 quc
311 1676 401 1740 quum
422 1646 646 1741 εὐπρόςρητος
669 1663 701 1717 et
722 1650 967 1742 ὃαςπρόςρητος
988 1656 1234 1738 pronunciamus,
1258 1676 1330 1739 aspc-

231 1780 298 1825 rum
322 1757 457 1843 quiddam
480 1768 511 1821 et
534 1757 761 1841 confragrosum
782 1756 1044 1842 persentiscimus‚
1074 1778 1170 1842 eoque
1192 1757 1330 1823 Pollucem

228 1860 270 1927 V.
294 1858 369 1925 138.
392 1871 558 1946 permotum
580 1859 785 1943 suspicamur,
812 1871 845 1924 ut
868 1860 942 1923 illud
964 1852 1188 1947 σκληρότερον
1212 1861 1326 1938 diceret,

230 1964 287 2029 boc
308 1962 492 2049 improbaret
512 1974 547 2027 ut
567 1956 684 2052 coepti.
731 1962 904 2047 Quanquam
927 1982 1016 2046 quum
1037 1963 1115 2027 idem
1141 1961 1330 2050 peccattoris

227 2066 268 2133 V.
293 2065 367 2131 165.
403 2058 576 2153 dulciloquio
603 2066 645 2129 11.
670 2063 745 2128 147.
781 2062 908 2152 αἠθεῑκ
935 2076 966 2130 et
994 2059 1103 2151 ἄηθες
1122 2070 1168 2151 ¹³)
1195 2067 1238 2131 ib.
1262 2063 1327 2129 145.

226 2161 438 2257 εὖπροςόδας
465 2178 497 2232 ct
524 2159 748 2240 εὐεντεύκτως
781 2167 823 2230 11.
856 2166 930 2234 139.
970 2162 1159 2242 α’κτέτταλος
1187 2169 1229 2233 11.
1260 2166 1326 2232 159.

226 2271 461 2359 ἐκλελεγμένος
479 2268 532 2334 VI.
549 2266 625 2335 208.
649 2264 808 2357 ὁμοερκές
829 2269 871 2332 11.
893 2268 967 2334 156.
992 2262 1145 2344 σύνθεσις
1163 2269 1243 2336 VIII.
1262 2270 1327 2335 152.

226 2375 301 2440 dura
319 2383 420 2449 vocat,
445 2365 645 2462 ἆγχώμαλος
666 2384 766 2437 autem
783 2372 822 2438 V.
841 2371 915 2438 157.
940 2385 971 2439 et
990 2373 1169 2448 ποτκέαοις
1186 2376 1240 2441 VI.
1258 2373 1326 2439 692.

224 2498 342 2563 aspera,
366 2468 539 2562 ζημιώδως
559 2469 793 2564 ὃύςφθεγκτοκ
813 2475 894 2540 VIIl.
915 2475 991 2542 147.
1014 2477 1237 2565 τεκμαρτικός
1257 2477 1330 2550 dor-

222 2578 315 2671 χερές
336 2578 392 2643 IX.
416 2578 491 2644 152.
514 2573 682 2668 ὁμαιχμέα
705 2574 885 2670 adquiritur
905 2578 991 2668 πρὸς
1012 2571 1121 2667 οἷκοήν
1143 2580 1167 2644 I.
1191 2579 1265 2646 135.
1286 2580 1328 2644 in·

223 2682 320 2768 telligi
342 2683 446 2758 debet,
472 2691 593 2746 veteres
616 2681 662 2745 his
684 2682 854 2746 nominibus
876 2703 938 2746 non
959 2705 1051 2748 unum
1072 2683 1217 2747 vitiorum
1237 2701 1327 2769 genus

222 2798 357 2862 notasse,
379 2785 431 2848 sed
450 2783 536 2870 plura
554 2794 643 2868 atque
662 2805 698 2848 ea
717 2785 796 2862 lere,
817 2805 892 2869 quae
909 2796 1028 2850 nostras
1045 2806 1135 2849 aures
1152 2786 1221 2851 sine
1240 2785 1326 2849 offen-

221 2892 306 2956 sione
319 2885 553 2975 praetervolant.
583 2885 661 2951 Nam
680 2907 719 2950 nc
734 2907 786 2951 eos
800 2886 875 2950 nihil
889 2887 956 2951 duri
972 2898 1004 2951 et
1017 2888 1114 2972 asperi
1128 2890 1261 2953 sensisse
1274 2909 1325 2950 no

219 2992 359 3076 minaque
369 2991 428 3055 ista
442 2990 474 3054 in
488 3009 599 3055 vanum
605 2991 738 3075 jactasse
753 3010 903 3068 censeam,
913 3011 1002 3073 quum
1016 2988 1108 3053 multa
1123 2989 1182 3054 alia
1195 2991 1326 3055 retinent

219 3107 283 3161 tum
302 3093 433 3158 maxime
454 3093 539 3170 illud,
563 3092 639 3176 quod
663 3093 846 3175 quarundam
866 3091 1023 3156 literarum
1046 3091 1272 3158 commissiones
1295 3100 1325 3154 et

217 3219 307 3284 saepe
322 3195 466 3262 admissas
480 3206 512 3260 et
526 3195 645 3260 easdem
660 3195 692 3258 in
716 3195 783 3283 aliis
799 3193 952 3259 vocabulis
968 3194 1066 3258 dedita
1083 3215 1174 3278 opero
1196 3195 1321 3262 declina·

217 3313 263 3366 tas
276 3321 344 3366 esse
356 3297 563 3383 intelliffl'mus,
573 3297 707 3363 rationes
722 3308 822 3362 autem
835 3297 923 3383 hujus
937 3297 1157 3382 inaequalitatis
1172 3297 1322 3384 explicare

215 3402 378 3468 nescimus.
425 3399 517 3465 Velut
542 3401 575 3464 in
593 3400 648 3466 hac
670 3401 734 3486 ipsa
756 3400 847 3464 litera
867 3411 902 3464 ut
923 3401 1139 3479 consistamus,
1169 3402 1238 3484 quid
1251 3390 1319 3462 ¹tan

170 3501 171 3504 '
214 3504 395 3572 verisimile
416 3514 475 3581 est,
498 3525 585 3590 quam
601 3504 678 3589 qnod
693 3525 711 3568 a
724 3502 826 3567 multis
840 3501 980 3581 sumitur,
1003 3503 1147 3567 crebeseo
1169 3513 1202 3567 ut
1224 3501 1319 3566 lenius

217 3639 426 3662 utut-*¹¹⁵⁸*-

282 3725 327 3791 12)
347 3725 392 3778 llis
408 3726 472 3778 locis
490 3727 537 3778 rbo
555 3732 692 3792 utrumque
710 3725 784 3776 modo
797 3739 866 3786 eum,
886 3739 961 3792 quem
976 3723 1078 3790 scripsi,
1097 3725 1217 3791 spirltum
1232 3723 1317 3781 babet,

211 3812 285 3864 modo
301 3813 408 3875 nullum,
428 3813 501 3864 modo
519 3827 598 3863 unum
616 3827 736 3878 asperum
753 3812 780 3862 in
795 3810 896 3880 syllaba
912 3811 1004 3876 prima,
1023 3825 1071 3861 nec
1086 3818 1206 3862 constant
1222 3811 1270 3862 sibi
1287 3808 1323 3859 li··
1362 3813 1365 3818 '

210 3898 292 3949 brarii
317 3899 343 3949 in
366 3897 505 3970 ὶπίῤῥημα
528 3906 555 3949 ct
573 3897 701 3948 similibus
723 3913 749 3948 v.
770 3896 911 3962 Gocttlinq.
936 3897 967 3948 de
984 3896 1090 3948 Acuent.
1115 3898 1219 3965 [1215.
1255 3893 1316 3948 11111

210 3985 255 4053 qul
272 3986 300 4037 in
317 3983 452 4054 έρῤιμμαι
470 3991 532 4035 sunt
549 3982 679 4048 conjuncti
697 3984 821 4050 spiritus,
842 3983 970 4036 retinendi
987 3984 1110 4035 videntur
1126 3985 1154 4034 in
1172 3982 1314 4051 ρἑκμμαι.
1365 4037 1367 4042 .

279 4071 324 4136 13)
342 4069 425 4136 Quum
443 4063 536 4139 οἷῆθησ
552 4071 619 4137 apud
636 4069 768 4121 Platonem
785 4068 863 4135 Legg.
883 4067 940 4121 VII.
959 4068 1018 4122 797.
1038 4068 1070 4121 A.
1090 4069 1265 4139 Thucydidem
1281 4063 1313 4118 II.

209 4155 252 4212 ll.
271 4153 466 4208 Demosthenem
484 4172 508 4222 p.
530 4157 588 4209 538.
610 4155 635 4209 1.
657 4163 685 4208 et
702 4157 809 4225 opti1nos
829 4170 944 4224 quosque
960 4155 1079 4222 legatur,
1105 4156 1230 4209 credibile
1246 4152 1315 4207 ride·

207 4251 268 4306 tur,
291 4243 364 4296 illum
381 4235 528 4311 sperones
545 4243 689 4312 scripsisse.
