2792 4725
305 297 367 376 nu
393 306 558 392 nonin
587 303 760 375 uenus.
790 305 828 373 e.
851 305 897 374 11.
926 306 955 395 ἓ.
978 305 1013 375 a.
1153 275 1223 378 ada

108 496 190 560 laetu
211 489 342 568 derivat,
366 488 415 557 aui
434 487 562 574 tempori
584 485 737 580 simillima
751 488 885 574 ρον-κίε,
902 508 1062 574 pruaaoar,
1085 487 1224 574 conjura

108 579 299 679 indidemque
328 585 398 657 duci
425 613 513 677 posse
542 590 689 675 simplicia
711 611 803 676 pum,
832 591 918 684 laag,
937 611 1020 667 urar,
1057 603 1181 676 apparat
1207 613 1226 658 a

109 697 223 784 pauni,
246 695 404 772 intellexi,
427 705 550 773 aretus3
580 713 679 779 neque
701 694 844 758 absonum
866 693 987 784 videtur
1008 692 1146 778 artrJam,
1169 714 1226 759 au·

111 822 197 886 capra
219 819 342 876 remea,
366 796 461 875 ebear,
484 800 603 874 ababa,
630 793 771 859 conferre
793 815 860 858 eum
883 794 993 860 futuris
1014 796 1098 874 fua,
1124 818 1225 882 capso,

110 923 190 978 axo,
220 901 372 986 abjexim,
401 899 519 992 nasim.
564 898 678 964 Verum
703 897 844 962 averbis
868 897 951 983 puris
977 919 1052 982 quae
1076 900 1226 986 originem

110 1003 247 1079 trabunt,
263 1003 367 1088 sigma
387 1004 580 1067 extrinsecus
597 1009 776 1066 mutuentur
797 1021 923 1066 neeesse
945 1010 1003 1077 est,
1028 1021 1140 1092 eomes,
1164 1013 1226 1068 tra·

111 1116 192 1184 mes,
213 1106 353 1182 antistes,
377 1125 532 1181 mansues,
555 1123 680 1197 quorum
701 1104 815 1198 vocalis
836 1104 938 1168 nativa
961 1114 1019 1180 est,
1043 1113 1074 1168 et
1094 1105 1226 1193 inquies,

110 1209 237 1295 proles,
267 1204 424 1294 (torques,
446 1207 550 1298 sedes)
576 1207 682 1291 quibus
709 1190 830 1274 aliunde
857 1207 952 1272 venit.
995 1205 1100 1292 Neque
1126 1209 1227 1274 miuus

111 1332 190 1396 quae
212 1331 232 1374 a
252 1307 403 1374 contrariu
425 1331 559 1398 genere,
586 1310 639 1375 sed
662 1309 736 1374 baeu
757 1308 869 1396 triplici
888 1305 1019 1374 salione.
1053 1308 1131 1375 Nam
1149 1332 1226 1396 quaa

111 1413 207 1484 verba
228 1433 319 1478 unam
334 1409 383 1477 'ex
405 1412 500 1478 tribus
521 1412 755 1478 immutabilibus
777 1412 959 1478 catalectieis
980 1434 1036 1498 pre
1053 1411 1227 1480 charactera

110 1502 242 1592 babent,
282 1536 348 1580 eam
374 1515 582 1608 incorruptum
610 1516 648 1580 ad
675 1515 800 1580 nomina
826 1515 1053 1593 transmittunt,
1092 1516 1225 1602 praesul,

110 1638 206 1682 escen
222 1616 287 1703 ¹⁷),
317 1617 477 1706 eernieen,
504 1638 618 1704 agger,
642 1618 781 1696 adulter,
807 1611 933 1704 legifer,
959 1617 1111 1702 armiger3
1149 1619 1228 1702 quud

110 1739 210 1806 genus
231 1739 377 1804 agraeeo
398 1739 538 1785 sermone
559 1721 657 1786 abest,
692 1721 775 1802 Quae
794 1723 869 1786 ver'u
890 1730 1002 1785 mutam
1025 1719 1136 1804 babent
1156 1721 1227 1784 stir-

110 1821 160 1907 pis
187 1820 357 1906 primitivae
385 1815 572 1903 extremam,
605 1843 672 1890 eam
697 1830 751 1887 aut
776 1807 920 1908 abjiciunt
947 1833 1080 1888 assumto
1109 1821 1225 1907 sigmaa¹

111 1923 227 2008 impes,
249 1940 394 2009 praepes,
417 1926 651 2013 obsasareses,
674 1925 775 2001 deses,
798 1925 908 2018 incus,
921 1926 1063 2000 subscus,
1088 1915 1225 2004 ualrens,

111 2025 276 2112 libripens3
305 2035 358 2090 aut
379 2039 506 2092 servant
526 2028 704 2115 interposita
722 2027 840 2094 vocalia
863 2026 978 2091 arbiter
997 2029 1064 2113 (pro
1086 2017 1226 2116 arbites),

111 2129 283 2214 interpres,
308 2130 426 2222 indiges
447 2130 522 2217 (nisi
544 2132 601 2197 boa
621 2153 640 2196 a
662 2152 719 2218 geu
741 2129 840 2216 potius
862 2150 948 2216 quam
971 2131 1007 2194 ab
1029 2150 1089 2215 age
1109 2151 1228 2215 eompu-

113 2232 206 2305 situm
234 2235 296 2318 est)
327 2230 362 2295 in
391 2254 486 2318 eoque
517 2246 685 2318 sequuntur
715 2234 886 2318 exemplum
917 2219 1095 2318 simplicium
1109 2234 1227 2308 tudes,

113 2335 238 2414 trudes,
262 2336 387 2415 caedes,
412 2347 514 2424 teges,
545 2359 603 2406 nee
623 2337 791 2404 verbalium
813 2337 900 2401 modo
922 2337 975 2401 sed
998 2333 1037 2401 et'
1050 2356 1229 2422 parunymo-

113 2460 202 2515 rum,
229 2438 313 2529 ales,
341 2440 457 2517 circes,
487 2441 606 2519 coeles,
636 2462 748 2527 eques;
788 2441 898 2529 quibus.
915 2441 1099 2525 respondent
1120 2459 1230 2525 graeca

115 2538 229 2621 ἐλπίς,
252 2540 379 2629 vacuis,
403 2539 509 2630 ἄρκυς
530 2540 591 2608 ete.
628 2543 704 2624 Cum
722 2542 818 2629 ¹terlio
838 2564 963 2630 genere,
987 2554 1022 2607 ut
1043 2544 1128 2607 modu
1151 2541 1228 2619 dixi,

117 2655 290 2731 congruunt
311 2658 567 2733 quaeutrumque
590 2647 772 2711 elementum
794 2636 914 2710 aliunde
936 2655 1079 2723 sumunt,
1105 2656 1228 2725 vertex,

116 2749 266 2839 appendix
290 2758 350 2813 eta.
397 2748 455 2813 Sed
477 2749 578 2815 differt
601 2750 680 2835 qued
701 2749 826 2813 Romani
850 2751 1032 2833 gutturalem
1055 2750 1231 2831 frequenter

117 2873 179 2917 non
201 2852 299 2916 solum
319 2851 353 2915 in
375 2851 529 2916 numinum
551 2852 749 2931 formatione,
776 2851 829 2917 sed
851 2862 883 2917 et
903 2852 936 2915 in
957 2853 1119 2916 verborum
1141 2848 1231 2915 deeli-

118 2966 191 3021 natu
211 2954 428 3041 interponunt,
456 2967 595 3041 strages,
617 2955 740 3041 fruges,
763 2954 933 3040 nonduges,
956 2954 1049 3030 duxi,
1074 2952 1186 3018 struxi.

120 3348 123 3353 1
205 3251 326 3351 Siquis
352 3263 453 3331 aulem
481 3277 548 3329 enm
576 3245 695 3330 indnita
719 3265 880 3333 verborum
907 3250 1097 3331 multitudine
1124 3261 1231 3327 borum

119 3367 276 3441 numinum
297 3379 330 3433 et
349 3368 529 3453 paucitatem
549 3378 582 3433 et
599 3389 703 3432 rarum
725 3367 950 3451 absolutumque
971 3387 1059 3431 usum
1081 3386 1232 3450 eompara—
1267 3434 1269 3439 ,

118 3470 213 3549 verit,
236 3471 364 3537 miretur
384 3492 510 3537 neeesse
531 3482 598 3548 est,
621 3471 689 3556 quid
713 3492 820 3535 aausue
842 3471 946 3547 fuerit,
971 3491 1026 3534 eur
1046 3468 1155 3533 Graeci
1174 3468 1233 3542 llo,

119 3572 279 3659 uanique,
314 3595 404 3659 quum
432 3573 509 3638 hane
537 3572 692 3637 nominum
721 3574 929 3659 fingendorum
957 3573 1037 3638 viam
1065 3571 1158 3635 semel
1185 3570 1233 3635 in-

120 3676 219 3760 gressi
240 3687 355 3752 essent,
378 3696 485 3741 rursus
503 3666 723 3740 declinaverint
741 3697 839 3759 neque
858 3697 953 3759 porra,
968 3676 1005 3739 ad
1025 3674 1105 3753 istud
1128 3694 1233 3737 exam·

119 3776 205 3864 plum,
224 3765 297 3865 risu,
316 3774 428 3866 ypa'up,
449 3771 525 3858 τάξ,
546 3777 618 3859 uit,
641 3761 706 3868 φῦξ
734 3790 765 3842 et
791 3776 874 3842 mille
896 3775 973 3860 ,talia
994 3775 1130 3841 labrieati
1158 3776 1233 3851 sint,

20 3935 24 3944 .
120 3878 152 3946 id
180 3881 267 3966 qued,
288 3882 368 3947 ersis
396 3893 632 3947 consentaneum
650 3893 694 3948 ‚et
722 3881 804 3946 faatn
832 3868 966 3967 proclive
997 3890 1074 3945 erut.
1120 3877 1235 3944 Verum

192 4118 237 4189 1⁷)
257 4120 440 4176 Nominativus
456 4122 555 4177 osana
571 4136 618 4192 par
634 4140 663 4178 se
680 4118 761 4176 nihilo
778 4122 923 4177 mirabilior
941 4130 983 4175 ert
1000 4136 1078 4191 quum
1095 4122 1186 4187 segreie
1208 4119 1235 4171 id

119 4214 163 4260 “l
180 4209 282 4273 ⁸⁰80ssss
298 4204 394 4281 airmq'r
410 4211 467 4265 aiva
483 4207 607 4283 ayma
868 4264 870 4277 ,
1095 4263 1099 4271 ,
1123 4274 1126 4280 ,

124 4279 128 4287 ’
153 4280 264 4348 bbbicta
282 4276 407 4369 fiurub‘p.
1003 4293 1025 4360 9
