2792 4725
1161 375 1199 423 lx

113 542 305 643 etamplius
335 538 458 613 secula·
476 534 628 610 vivendo
659 543 905 633 superassent,
939 534 1139 637 milliesque
1162 546 1199 611 et

109 718 193 791 veris
216 712 365 787 'reditum
390 706 535 783 eosdem
558 705 667 779 ilores
691 703 905 779 referentem
938 713 974 779 et
1003 714 1200 779 ceterarum

107 912 217 959 rerum
248 891 354 955 statas
385 880 482 953 vices
522 872 792 977 aequabilesque
828 876 1061 948 circumactus
1092 902 1201 978 quum

106 1053 278 1159 vidissent,
306 1060 382 1123 tum
406 1074 492 1125 vero
516 1048 602 1121 lassi
626 1047 806 1153 saturique
826 1046 939 1120 evita
963 1045 1014 1119 sic
1032 1054 1201 1147 tanqum

106 1250 124 1296 a
154 1224 312 1297 convivio
346 1218 586 1325 discedebant.
647 1158 883 1316 Posteaquam
913 1240 999 1289 vero
1033 1214 1094 1291 ilie
1127 1220 1199 1319 pri·

103 1392 276 1467 mordiciis
301 1402 433 1488 motus,
462 1416 533 1491 quo
558 1385 711 1461 mundns
735 1384 781 1459 ab
804 1384 911 1485 bajus
934 1386 1090 1461 universi
1114 1411 1200 1461 con·

103 1562 208 1637 ditore
232 1546 400 1637 incitatus
432 1568 506 1653 est,
547 1557 728 1659 paullatim
756 1556 893 1631 remisit
932 1555 1051 1655 diique
1082 1582 1201 1633 rerum
1294 1640 1305 1651 ,

100 1733 326 1806 humanarum
351 1731 572 1805 ordinatores
603 1731 642 1803 in
667 1726 759 1801 coeli
789 1752 828 1801 se
852 1736 1063 1824 receperunt
1092 1755 1201 1829 pene·

101 1903 215 2000 troiia,
244 1905 409 2002 protinus
434 1902 552 1975 omnia
575 1899 826 1999 languescere,
853 1894 1080 1995 decrescere,
1106 1903 1200 1999 pari·

100 2100 161 2173 que
186 2099 317 2173 gressu
340 2075 432 2175 vitae
455 2070 629 2144 humanae
662 2068 775 2167 spatia
805 2065 967 2139 contrabi
991 2080 1193 2167 coeperunt.

99 2241 200 2336 Quod
225 2244 260 2315 si
288 2238 417 2339 vulgus
449 2238 630 2312 hominum
663 2238 830 2334 luxisset,
874 2262 1024 2338 quorum
1055 2240 1128 2313 vita
1164 2250 1202 2315 et

28 2354 30 2363 ⁴
98 2437 187 2486 mors
207 2411 316 2510 juxta
340 2413 562 2507 aestimatur,
596 2409 758 2485 hercules
784 2434 868 2482 cura
893 2408 991 2483 nulla
1014 2421 1108 2506 erat,
1137 2409 1201 2486 sed

98 2582 278 2657 moerebat
310 2584 463 2680 optimus
504 2583 651 2682 quisque
687 2591 723 2656 et
760 2589 843 2654 ante
881 2591 1019 2654 ceteros
1055 2580 1104 2675 ii,
1139 2583 1201 2682 qni

100 2759 253 2829 aversia
288 2753 379 2826 lucri
412 2749 597 2850 cupidine,
633 2753 807 2824 immunes
831 2749 1052 2843 ambitionis,
1077 2751 1202 2825 intacti
1233 2804 1235 2811 ,

100 2920 334 3020 voluptatibus
359 2948 398 2996 se
423 2930 520 2995 totos
552 2899 590 2992 in
621 2923 697 2993 veri
730 2920 921 3022 quaerendi
951 2919 1105 2994 studium
1138 2918 1199 2996 abs

101 3088 282 3187 didissent,
310 3091 376 3164 bas
402 3101 494 3210 artes
521 3101 556 3164 et
582 3089 775 3187 doctrinas,
803 3117 890 3191 quas
915 3115 1010 3164 nunc
1035 3090 1197 3184 colimus,

7 3329 9 3342 ,
100 3265 192 3358 quasi
218 3261 372 3362 gradum
398 3259 574 3359 quendam
599 3287 676 3336 csse
707 3264 775 3334 rati
806 3259 994 3335 adrerum
1020 3259 1200 3336 sublimio·

99 3456 169 3502 rum
200 3415 494 3530 inteliigentiam,
541 3443 687 3532 querum
718 3431 995 3531 magnitudinem
1026 3434 1202 3508 neminem

99 3605 277 3701 percipere
303 3627 408 3700 posse
433 3604 502 3674 nisi
528 3603 603 3701 qui,
632 3600 750 3701 quoad
763 3605 909 3697 viveret,
936 3604 1092 3676 animum
1113 3557 1200 3677 assi·

100 3768 163 3844 dua
191 3773 422 3848 meditatione
453 3775 520 3848 rite
553 3750 808 3870 praeparasset.
869 3774 921 3846 fli
953 3772 1063 3873 igitur
1093 3799 1201 3872 quum

99 3941 260 4016 viderent
282 3953 366 4040 post
390 3967 491 4014 suum
523 3939 659 4015 obitum
692 3969 883 4043 eorumque
915 3939 1125 4043 quibuscum
1149 3943 1201 4016 vi·

98 4110 268 4208 iissent,
288 4111 450 4186 laborum
475 4137 620 4185 suorum
646 4110 799 4221 fructum
824 4115 1098 4216 memoriamque
1123 4111 1205 4188 fora.

98 4278 254 4377 nullam,
280 4307 468 4385 secumque
492 4284 676 4360 interitura
702 4309 792 4385 quae
807 4307 936 4403 ,secum
961 4294 1042 4358 nata
1066 4289 1227 4375 meent,
