2792 4725
187 332 189 337 ¹
313 254 374 315 on
404 248 602 315 neenec.
633 246 840 315 uunuou.
872 250 902 333 ς.
925 256 959 317 z.
1170 258 1193 331 t

95 429 227 505 Beltilose
251 428 408 497 Euomdeo
429 433 522 495 etium
544 439 576 495 et
586 427 809 516 Lycomedius
830 428 918 515 opud
931 428 1070 495 Graecos
1081 439 1192 507 eontra

95 534 225 618 regulam
239 534 442 619 pmultimum
463 532 701 619 diphthongum.
744 532 795 597 Ex
816 531 863 597 his
882 531 1000 597 Belides
1022 544 1055 597 et
1074 532 1192 622 Lyeur-

93 637 167 719 gides
187 637 261 721 epod
283 647 386 721 poetes
409 635 519 709 latinos
543 634 686 719 leguntur
705 633 870 719 penultimo
889 634 1052 719 produeta3
1080 634 1191 726 Λαγί-

92 737 144 824 ιίης
169 738 294 805 Theoor.
323 737 422 809 XVll.
463 736 515 813 14.
554 736 605 803 uhi
636 736 808 804 hleiuekius
834 731 1010 825 Auptddpc
1045 737 1151 803 scribit
1165 738 1193 822 ³)

91 842 223 924 probante
245 842 403 927 Spitznero
431 842 467 905 de
490 840 613 905 Prosod.
637 861 667 925 p.
692 838 746 906 81.
770 839 1061 931 sumagamitusque
1087 839 1194 907 Grem-

91 943 209 1019 moticis,
239 944 289 1028 qui
311 966 421 1009 nomeu
443 943 517 1007 illud
540 936 664 1026 'saepius
687 953 935 1022 oommemoreot,
962 944 1016 1008 sed
1040 942 1107 1009 sino
1129 944 1192 1009 ullo

90 1045 234 1111 anomalae
247 1046 452 1130 productionis
466 1044 575 1109 inditio
592 1044 693 1130 Etym.
710 1046 753 1111 Μ.
770 1044 846 1126 554,
867 1044 921 1110 39.
954 1046 1071 1111 Aueed.
1088 1046 1189 1111 Crem.

89 1147 122 1218 ll.
144 1143 216 1214 235.
240 1149 387 1234 feoileque
400 1148 510 1213 evitari
523 1148 619 1232 potuit
631 1147 762 1213 adhibite
774 1148 884 1235 dielysi
900 1145 1088 1237 Λααγίδης.
1114 1148 1192 1215 Nem

88 1250 121 1317 τί
141 1248 255 1339 Adyon
269 1252 301 1335 ⁴)
330 1248 469 1339 εὕρηται
489 1250 546 1317 uel
566 1241 798 1339 τρισυλλάβως
822 1241 969 1337 Λαιίγοιι
991 1246 1090 1337 φίλοι
1118 1250 1192 1327 uide

88 1350 229 1441 ιίρίζηλος
250 1356 473 1445 Πτολεμαῖος
493 1351 768 1417 tremerent.
791 1348 867 1419 264.
894 1354 1023 1417 ίοιωιο
1039 1374 1081 1419 ex
1103 1376 1191 1440 gree·

88 1458 180 1521 eonion
211 1458 483 1542 interpretatione,
512 1454 631 1541 Aoiyoe
659 1454 831 1541 significare
862 1450 924 1522 τὸν
952 1451 1058 1543 λαγόν
1084 1457 1115 1521 id
1145 1468 1193 1531 est

86 1560 229 1649 λαγίτητ.
278 1560 337 1624 Sed
363 1560 443 1627 idom
471 1549 612 1645 Λιίαγιις
638 1556 832 1643 pronunciari
862 1558 960 1642 potuit
986 1570 1021 1623 ut
1047 1552 1191 1645 ιιριίατα,

88 1674 113 1725 et
132 1662 197 1726 hino
219 1661 389 1727 derivatum
410 1658 598 1759 Aoopldtpn.
632 1655 827 1746 Εὐηρείιλης
849 1660 995 1727 dixerunt
1011 1659 1191 1727 Theocritus
1219 1709 1222 1722 .

88 1775 114 1827 et
133 1764 334 1829 Callimachus
356 1763 575 1839 convenienter
593 1762 747 1851 primitivo
768 1754 920 1848 Εὐήρης,
947 1762 996 1828 oui
1022 1762 1121 1828 simile
1144 1774 1192 1829 est

86 1862 288 1955 Ἀιτηρείιλης
310 1867 377 1932 looo
403 1865 646 1933 ιι11οιιιοΑιιττι1.
672 1864 775 1929 Crem.
796 1864 822 1935 Ι.
847 1863 921 1946 173,
944 1864 999 1929 21.
1023 1865 1076 1931 uhi
1098 1867 1191 1931 verba

87 1973 126 2043 εἰς
146 1970 163 2035 ὃ
185 1966 395 2056 ἐπερείδετρί
414 1992 465 2043 τις
484 1970 521 2032 ed
542 1964 737 2054 ιίντήρειὸιτ
751 1967 817 2033 sivo
830 1964 1006 2056 ιίττηρίδις
1019 1968 1190 2053 pertinent3

87 2074 130 2135 sed
144 2074 294 2137 discordet
303 2066 513 2159 Ἁμφηρίιληρ
524 2070 557 2135 in
572 2069 669 2141 lusor.
683 2068 842 2137 ThasieN.
856 2068 952 2135 1261.
968 2080 1001 2135 et
1008 2068 1191 2159 Φρασιηρί-

25 2252 26 2259 p
87 2174 144 2260 (λης,
157 2176 233 2259 quod
251 2195 350 2258 nuper
363 2196 417 2257 pro
424 2170 645 2263 Φρασικρίιλης
655 2173 829 2239 restitutum
843 2182 891 2237 est
897 2172 1053 2241 Demosth.
1068 2197 1100 2260 p.
1111 2172 1189 2252 688,

86 2276 112 2341 4.
128 2276 220 2354 1197,
232 2276 267 2341 4.
288 2275 383 2351 1299,
399 2274 454 2341 29.
478 2276 640 2361 Eidemque
653 2275 849 2341 Demostheni
863 2297 892 2339 o.
904 2275 981 2340 Phil.
999 2274 1051 2341 111.
1068 2275 1143 2355 126,
1153 2276 1188 2345 3..

87 2381 227 2445 llehlrerus
243 2401 300 2464 pro
321 2378 529 2466 Φιλιστείίλης
547 2379 593 2446 bis
608 2379 767 2444 reddidito
783 2380 867 2444 codd.
886 2376 1090 2467 Φιλιστίδης,
1111 2368 1190 2467 quod

87 2482 258 2548 Tsehuokius
283 2483 320 2545 od
342 2482 440 2546 Strnb.
462 2483 506 2546 X.
529 2503 558 2567 p.
578 2481 631 2550 12.
648 2501 715 2546 oum
730 2478 1058 2567 ¹Apocmidpcconfert,
1080 2483 1191 2548 Eusto-

88 2584 155 2650 thius
174 2596 277 2650 eutem
293 2607 322 2668 p.
348 2582 444 2660 1498,
467 2582 521 2648 63.
549 2594 727 2648 consuetum
745 2575 948 2669 Ἀριστείδης
974 2585 1010 2647 eh
1033 2576 1191 2670 dotossdn

89 2690 182 2771 repetit
193 2683 446 2772 ιιῑΒασιλείιλης,
460 2688 619 2772 eodemque
628 2685 679 2750 vie
691 2684 855 2770 litigiosum
866 2685 940 2753 illud
947 2684 1189 2773 Φιλοριηλείδης

90 2790 216 2867 exsolvit,
237 2813 255 2855 a
275 2781 485 2876 Φιλομηλειίς
505 2792 553 2872 (ut
569 2784 779 2870 Μενοικεύς)
794 2788 943 2854 deflexum
963 2789 1076 2856 dicens.
1123 2787 1189 2853 Nee

90 2890 202 2958 doluisse
224 2894 346 2977 opinor,
369 2897 419 2976 qui
441 2892 493 2956 illo
515 2914 582 2956 eum
603 2889 694 2966 eldoc
715 2891 1043 2984 oomppsiteputerent,
1067 2890 1098 2955 id
1111 2892 1189 2975 quod

92 2993 119 3056 de
135 2991 324 3081 Ὑπερείδης
352 2995 478 3061 affirmet
504 2994 692 3058 Herodianus
718 2994 884 3060 llermeuni
913 2992 971 3058 Xl.
995 2990 1070 3062 395.
1093 3015 1127 3058 v.
1151 2993 1189 3062 ad

93 3093 188 3184 Phryn.
210 3096 289 3164 454.
337 3097 396 3162 Sed
417 3096 563 3176 haetenus
584 3097 708 3182 evagari
728 3096 803 3163 setis
823 3094 928 3160 luerit.
987 3150 991 3158 .
1039 3130 1101 3188 Xfs

586 3267 618 3354 s·
640 3267 673 3334 2·
767 3289 775 3294 ·

162 3402 203 3466 De
231 3401 395 3466 iteratione
425 3385 580 3466 literae}
607 3400 820 3477 Grammatioi,
856 3401 954 3483 quoad
982 3400 1185 3478 meminerim,

96 3500 155 3565 nhil
173 3525 226 3570 nos
247 3505 423 3572 admonent.
469 3504 527 3571 Sed
553 3503 704 3590 Euripidis
732 3505 826 3574 veroa
853 3502 961 3568 Beoeh.
986 3502 1063 3570 235.
1086 3496 1188 3570 εὔκρ-

99 3637 281 3654 *a*

150 3708 175 3774 3)
190 3709 258 3762 Haeo
275 3726 310 3762 ex
326 3709 405 3762 editis
421 3708 607 3762 transcribenti
624 3708 734 3782 ellemur
756 3724 823 3762 nove
838 3708 896 3776 ojus
912 3707 1003 3768 editio,
1028 3707 1054 3760 h.
1073 3705 1093 3758 1.
1113 3707 1186 3774 peul-
1372 3726 1373 3735 ι

97 3787 159 3856 lltper
173 3803 278 3851 mutate.
1075 3808 1078 3815 ⁴

152 3879 177 3946 l)
191 3881 329 3934 Acceptum
346 3883 469 3944 vitiosum
487 3881 598 3948 reliqui,
610 3885 613 3891 “
624 3882 686 3948 quie
702 3880 857 3936 Eustothius
881 3894 981 3948 quoque
995 3895 1024 3946 p.
1038 3877 1115 3940 1821,
1138 3877 1183 3936 tt.

99 3974 171 4014 nonen
193 3967 223 4017 eh
247 3969 404 4037 appellativo
429 3965 511 4040 lepris
525 3968 628 4035 vrepetit
647 3975 677 4042 'ot
701 3967 815 4021 Philemo
831 3965 855 4035 ξ.
872 3965 932 4018 tto.
958 3980 985 4032 p.
999 3963 1043 4017 19.
1063 3961 1187 4035 Λαγίδησ

99 4041 122 4096 ²⁴3
136 4046 340 4135 πατρωνημιιιιίι
357 4071 415 4108 oum
428 4051 596 4126 πιλαρηίδητ,
611 4050 725 4126 λικίδητ,
738 4049 849 4124 midos
862 4051 974 4104 wulm-
990 4049 1074 4104 Error
1085 4051 1185 4106 111111·

100 4135 174 4200 quein
190 4147 284 4206 oppeto,
