2792 4725
149 280 238 381 ‚em
518 296 838 366 nussunrurrn
866 298 926 368 tv.

164 478 342 554 Lucienum,
365 474 575 557 Heliodorum,
595 477 742 543 Achillem
763 473 900 556 Tatium,
924 478 1165 565 quihusmccedit
1185 479 1286 568 hym·

165 602 272 645 norum
295 579 489 664 Orphicormn
510 580 650 666 scriptor.
693 582 759 646 Jam
781 580 807 647 si
828 582 907 646 idem
928 583 1004 666 apud
1023 593 1126 668 poetas
1145 586 1285 669 scripto·

165 704 274 767 resque
296 682 411 745 ionicus
440 681 613 765 legeretur,
641 684 760 749 docilius
776 682 979 749 'crederemus
1008 705 1118 749 uomeu
1148 678 1283 773 σελήνη

165 786 323 875 privilegio
345 784 468 868 quodam
491 784 640 848 sermonis
663 786 831 869 antiquie!
854 786 961 871 poetici
984 786 1042 851 hue
1059 786 1281 872 amplificatum

166 912 243 956 csse.
287 888 344 950 Sed
372 886 540 951 llerudotus
562 885 627 951 Vll.
655 885 709 952 37.
734 888 926 973 Hippocrates
956 890 991 953 de
1013 888 1146 953 lusomn.
1181 911 1211 974 p.
1232 887 1276 953 4.

163 994 201 1057 T.
225 991 263 1055 ll.
287 990 434 1082 Anretaeus
456 988 492 1051 de
515 989 599 1073 Sign.
624 988 708 1054 lliut.
732 987 890 1068 1.d,72.
914 990 1064 1057 Lucienus
1087 993 1123 1056 de
1147 990 1275 1055 Astrol.

163 1100 193 1183 ᾗ.
218 1094 249 1159 5.
272 1094 423 1179 primitivo
450 1091 498 1155 usi
519 1103 610 1171 eunte
639 1092 800 1178 σεληναία
827 1113 902 1158 vero
930 1094 962 1157 in
995 1094 1143 1158 sermonis
1172 1093 1277 1178 quoti-

164 1200 244 1264 diani
270 1194 457 1260 commerciis
483 1194 669 1259 increbuisse
698 1196 830 1259 videtur.
876 1196 975 1276 Quare
1003 1196 1080 1280 quod
1103 1196 1276 1261 Scholiasta

164 1302 242 1367 Vict.
265 1299 301 1363 ed
323 1298 417 1361 Arist.
441 1293 537 1359 Nuhh.
558 1294 634 1361 oto.
657 1298 799 1361 adnotat:
823 1297 896 1384 pois
919 1297 1097 1387 σεληναίης
1112 1334 1156 1347 -
1172 1292 1270 1365 α’ττι-

162 1402 233 1469 soto
257 1406 328 1467 doct
344 1394 483 1485 κτητικοί
502 1391 694 1486 λαμβάνειν
715 1394 794 1465 οίντί
815 1399 1050 1487 repercutimur
1071 1398 1114 1475 τίς
1131 1408 1285 1487 meede-⁴

163 1499 253 1590 νίκη,
275 1499 398 1567 altioum
420 1522 487 1567 esse
510 1520 654 1586 negamus
675 1503 727 1565 sed
750 1504 906 1586 prohemus
928 1504 1163 1569 similitudinem.
1189 1502 1271 1567 Nam

164 1607 310 1693 quomodo
336 1626 354 1669 a
379 1598 509 1692 γαλήνη
528 1601 715 1688 γαληναία,
753 1603 830 1669 haud
851 1606 1037 1671 dissimiliter
1057 1628 1074 1671 a
1097 1606 1206 1683 σέλας,
1230 1616 1267 1669 ut

164 1709 331 1795 Hesychius
353 1709 435 1783 dicit,
459 1704 598 1793 σελήνη,
619 1707 656 1770 uh
678 1707 736 1771 hoe
758 1707 918 1794 σεληναία
939 1709 1113 1794 productum
1134 1710 1269 1785 videtur,

77 1886 80 1891 ,
164 1814 283 1898 proprie
305 1812 442 1875 lucinam
473 1810 664 1893 significans,
694 1808 854 1898 σεληναίη
876 1813 975 1899 αἴγλη
995 1810 1129 1876 Marcell.
1153 1810 1187 1875 iu
1207 1810 1267 1873 lle·

165 1916 221 1981 dic.
251 1913 358 1998 Regill.
388 1935 420 1978 v.
449 1910 504 1977 27.
534 1912 673 1997 Apollon.
704 1911 755 1977 1v.
787 1910 860 1979 167.
889 1925 922 1979 et
949 1914 981 1978 iu
1016 1934 1128 1998 genere
1157 1920 1266 1976 neutro

163 2020 252 2101 lliog.
276 2017 331 2079 La.
355 2013 380 2077 1.
404 2013 437 2078 3.
460 2013 523 2080 τοῦ
546 2011 701 2100 ἦλίοα-
715 2015 778 2081 τοῦ
799 2015 995 2103 σεληναίου,
1028 2016 1087 2081 nisi
1109 2011 1266 2100 σεληνίοο
1297 2082 1299 2085 .

163 2121 350 2185 scribendum
364 2128 422 2181 est.
468 2116 609 2181 Ultimum
631 2138 748 2197 eorum,
775 2138 886 2202 quasa
908 2119 1116 2185 Grammaticis
1138 2117 1196 2182 hue
1216 2138 1266 2183 re·

162 2224 224 2288 lata
247 2232 330 2296 suut,
353 2229 420 2283 erat
439 2214 558 2303 cipedo,
587 2221 624 2283 de
645 2240 703 2304 quo
725 2220 825 2285 Schol.
842 2222 940 2307 Apoll.
964 2221 1017 2285 lll.
1042 2218 1136 2285 1390.
1162 2215 1265 2305 dipol-

162 2348 206 2413 ην
228 2320 271 2399 οῖς
295 2312 497 2409 οίναγκαίην,
524 2332 555 2386 et
576 2320 676 2386 Sohol.
701 2322 805 2388 hiheu.
826 2324 862 2388 Τ.
878 2326 902 2387 Ι.
924 2321 978 2390 od.
1004 2318 1072 2412 οίρα
1087 2323 1143 2392 καί
1158 2319 1263 2410 οίροία

161 2421 289 2496 ταύτόν
319 2429 389 2490 ἐστι
409 2441 452 2514 τη
480 2423 608 2510 ἐννοίᾳ·
630 2420 809 2512 α’μφότερα
834 2425 899 2515 νοίρ
926 2425 966 2493 τὸ
995 2430 1055 2515 ἔαρ
1091 2427 1262 2513 σημαίνει.

163 2531 221 2596 Sed
242 2529 271 2592 id
294 2549 409 2612 quoque
438 2528 616 2612 adjectivum
645 2549 713 2592 esse
740 2529 868 2616 patescit
895 2549 913 2593 e
942 2530 1161 2615 comparatione
1183 2529 1264 2596 simi·

162 2635 235 2698 lium
258 2629 419 2717 όρφναία,
440 2626 571 2716 shepeia,
595 2631 757 2715 dequibus
778 2630 920 2706 ulioloeo
936 2632 1076 2717 loquutus
1088 2653 1166 2696 sum.
1199 2630 1263 2698 Nec

161 2739 198 2801 de
227 2735 285 2799 alio
313 2753 425 2818 genere
453 2734 605 2798 nominum
641 2733 813 2818 praecipere
840 2733 960 2798 videtur
986 2734 1194 2819 Theognostus
1221 2734 1260 2800 11.
1290 2749 1291 2756 ’

163 2838 236 2904 103.
260 2834 303 2904 τοί
326 2833 380 2902 διαί
397 2835 460 2902 τοῦ
478 2822 538 2904 α-ια
561 2827 756 2922 παροίνημα
777 2832 833 2903 dui
854 2822 1185 2925 τῆςαῖγροίφονται,
1208 2862 1262 2905 σε·

160 2941 302 3030 ληναία,
330 2935 499 3024 decreto,
522 2940 654 3024 θοραία
679 2939 737 3005 ἐπί
762 2939 823 3025 τῆς
850 2932 997 3018 διεξόδου
1028 2935 1090 3006 οὐκ
1123 2938 1180 3006 ἐπί
1200 2939 1262 3007 τοῦ

160 3040 434 3116 κατακλείοντος,
454 3037 593 3116 edocto,
612 3041 799 3129 γαληναία,
826 3042 1054 3128 commeate,
1077 3040 1259 3133 δραχμαία,

161 3146 266 3217 doale
287 3135 467 3235 κερααίςή
488 3143 552 3230 την
575 3138 665 3231 ὀπήν
689 3145 915 3224 ἐπικλείουσα,
938 3167 978 3209 ex
993 3167 1049 3231 quo
1065 3147 1259 3230 comperimus

126 3329 129 3333 ¹
160 3250 368 3342 σφενδοναία
398 3257 513 3333 quo'que
543 3248 613 3330 huic
643 3268 768 3311 numero
804 3247 1047 3331 amplificatormn
1082 3250 1259 3334 adscriptum

160 3377 241 3431 esse,
260 3356 370 3441 jurene
392 3374 431 3416 an
453 3351 576 3435 injurie,
600 3351 763 3414 nescimus.
810 3350 867 3413 Sed
890 3352 953 3435 jam
976 3362 1091 3436 tempus
1120 3362 1169 3416 est
1189 3354 1261 3418 suh-

159 3461 269 3522 ducere
290 3477 446 3519 summam.
490 3453 637 3538 Exempla
660 3473 827 3537 paragogae
856 3452 1060 3536 producuntur
1086 3455 1119 3518 in
1140 3455 1261 3520 uuiver-

159 3583 224 3628 sum
246 3559 375 3642 vinginti
397 3558 537 3642 quinque.
583 3556 696 3618 Horum
724 3567 824 3620 autem
846 3555 986 3639 pleraque
1012 3557 1170 3623 manifesto
1191 3567 1261 3622 suut

49 3673 52 3681 '
158 3661 317 3748 adjectiva,
342 3680 436 3743 eoque
465 3659 554 3723 etiam
576 3659 747 3722 infirmatur
774 3658 937 3722 auotoritas
968 3667 1156 3737 ceterorum,
1185 3681 1259 3745 qnae

159 3767 227 3850 quia
255 3785 273 3826 a
298 3761 505 3826 Grammaticis
534 3770 624 3824 extra
649 3761 786 3823 ordinem
815 3771 847 3824 et
876 3771 1051 3824 contextum
1079 3763 1257 3844 efferuntur,

158 3889 298 3954 quorsum
320 3864 507 3950 pertineant,
528 3863 657 3947 judicari
679 3862 794 3945 nequit.
839 3862 943 3946 Neque
964 3873 1064 3928 tamen
1086 3865 1115 3929 id
1136 3865 1179 3929 ita
1199 3876 1259 3930 sta·

134 3955 223 4049 'tuo,
248 3979 283 4033 ut
304 3965 519 4030 Grammaticos
541 3963 621 4028 solos
643 3965 757 4028 erroris
785 3985 856 4028 reos
876 3965 1003 4044 luciam,
1025 3968 1078 4031 sed
1105 3967 1259 4032 admodum

151 4073 224 4142 ueri
247 4071 345 4136 simile
367 4069 454 4145 duco,
477 4078 580 4153 poetas
603 4068 741 4153 exempla
762 4067 902 4133 licentiae
925 4091 943 4134 a
964 4069 1083 4136 scholae
1107 4063 1257 4156 magistris

80 4258 83 4264 Ι
156 4176 362 4264 comprobatae
383 4173 439 4237 sihi
461 4172 498 4252 ad
517 4169 691 4236 imitandum
714 4173 915 4257 proposuisse.
960 4171 1114 4242 Jocotsius
1143 4173 1258 4259 quidem
