2792 4725
286 294 345 361 nn
371 290 797 366 uoluenuuuouru.
825 295 861 363 c.
883 296 946 363 111.
970 300 1000 385 y.
1020 300 1053 368 a
1162 304 1234 375 aar

121 465 208 543 ratur
227 493 287 560 quo
308 474 431 541 minime
452 494 529 558 opus
548 484 613 551 est,
638 491 795 564 genusque
816 478 1073 549 substantivorum
1093 482 1235 569 multipli-

122 592 210 647 cetur
229 579 383 643 insuetum
403 588 436 643 et
456 574 595 651 devium,
618 598 690 661 prae
710 600 770 662 *quo
794 578 920 657 Graeci,
944 592 982 651 nt
1002 584 1158 669 superiora
1180 608 1235 653 es-

123 683 221 768 empln
241 680 415 755 declarant,
444 678 600 764 adjectivis
623 680 667 743 uti
690 682 863 753 maluerunt
891 686 1061 769 compositis
1089 699 1143 753 aut
1167 690 1235 755 sub
1331 699 1339 710 '

123 783 265 851 stantivis
281 782 446 867 particulae
462 781 623 867 negativae
638 783 823 865 subjunctisc
846 780 995 875 ’Apyrina
1010 782 1072 855 ούα
1086 774 1236 878 Ἀργεῖος

123 887 200 951 liur.
218 885 270 951 Or.
287 884 363 950 004.
387 877 576 971 ἅνθρωπος
594 879 864 973 candosoccos
883 888 997 957 Athen.
1014 888 1085 957 ΧΠ.
1104 891 1179 957 510.
1197 893 1234 957 Β.

124 985 246 1076 γάμων
273 982 316 1055 ού
336 984 461 1077 νύμυν
483 986 765 1073 συντελουμένων
792 990 903 1061 tahan.
923 991 981 1057 .0r.
1004 991 1071 1059 Vll.
1094 990 1170 1060 288.
1196 994 1232 1057 C.

124 1103 271 1181 γυναῖκα
291 1087 334 1157 ού
353 1103 501 1178 γυναῖκα
520 1090 594 1154 066.
611 1090 648 1153 Τ.
666 1088 762 1155 1256.
786 1086 907 1177 ἄνδρες
924 1095 1014 1169 τινὲς
1033 1087 1096 1160 oric
1114 1090 1234 1184 ἄνδρες

125 1195 266 1259 Clemens
277 1193 380 1257 Protr.
393 1191 418 1255 l.
433 1192 465 1255 1.
478 1194 516 1257 E.
539 1189 627 1260 θεὸν
642 1188 684 1259 ού
697 1186 785 1261 θεόν
802 1194 878 1257 Phil.
896 1196 933 1261 66
945 1197 1023 1263 Mos.
1039 1196 1093 1267 ill.
1105 1194 1181 1265 678.
1192 1200 1232 1265 Α.

124 1317 200 1381 quae
221 1294 408 1379 potissimum
428 1296 466 1359 ad
488 1295 703 1379 epanorthosin
726 1296 879 1379 pertinere
905 1299 1018 1365 iudicat
1044 1300 1234 1367 adversativa

124 1418 213 1482 saepe
237 1397 372 1482 apposita
396 1396 495 1481 τέρας
516 1392 559 1463 ού
579 1397 678 1485 τέρας
698 1393 770 1467 u'll'
792 1403 864 1485 ἔριν
886 1400 954 1467 Hel.
980 1400 1075 1467 1134.
1108 1405 1234 1487 ἔρωτας
1292 1416 1296 1428 '

123 1496 188 1567 αύκ
207 1504 336 1586 ἔρωτας
355 1494 428 1566 ctlt’
445 1494 633 1586 Ἐριννύων
654 1495 770 1588 πάγην
791 1500 943 1586 Lycopbr.
960 1500 1034 1567 406.
1058 1500 1170 1591 popano
1192 1501 1234 1573 ού

118 1596 235 1691 yclpaoe
255 1597 327 1671 ἀλλ’
348 1598 438 1683 οἰζύς
460 1603 535 1666 Eur.
559 1602 633 1665 llee.
657 1601 733 1683 048.
761 1619 818 1687 quo
841 1602 907 1668 loco
928 1595 1040 1692 γύμος
1062 1606 1160 1673 omitti
1181 1630 1233 1693 po·

124 1716 206 1771 terat
225 1716 260 1771 ut
278 1703 425 1769 Androm.
450 1702 524 1770 103.
547 1698 591 1771 ori
610 1696 728 1793 γύμον
748 1700 834 1773 etto
855 1699 925 1776 τιν’
946 1701 1046 1775 ύταν.

633 1892 664 1977 §-
687 1890 720 1956 s.

207 1996 392 2077 Termiuatio
414 1996 465 2087 {a}
487 2012 600 2076 duobus
622 2011 767 2076 adstricta
793 2024 842 2077 est
869 2012 1064 2081 substantivis
1091 2017 1234 2101 simplici·

123 2116 197 2190 hus,
226 2112 315 2187 κτείς
337 2126 370 2178 et
389 2113 494 2189 alala,
528 2135 655 2198 quorum
678 2113 753 2179 illud
779 2116 993 2199 compositione
1014 2128 1146 2183 mutatur
1170 2144 1233 2187 αα-

122 2210 302 2297 τύατανος,
326 2217 546 2291 sessiacense
569 2228 602 2281 et
626 2213 849 2302 παντεκτανής
877 2238 908 2283 v.
932 2218 1066 2285 Meinek.
1089 2221 1232 2289 661166.

123 2341 154 2405 p.
174 2318 228 2386 34.
252 2319 380 2386 atterom
401 2322 512 2386 minan.
549 2319 717 2405 Hesychius
739 2316 908 2396 Ἀκλεύύας
930 2320 1002 2403 (sic)
1024 2315 1160 2410 ἄζυγας,
1182 2324 1233 2390 uhi

122 2421 271 2512 ύνλῄύας
289 2425 468 2500 emendant3
493 2420 581 2508 ύπὲρ
601 2422 762 2496 &laiatico
778 2421 890 2508 θύρας
908 2424 1047 2508 Hippocr.
1066 2425 1230 2492 66161166.

123 2525 150 2590 l.
173 2525 229 2592 22.
253 2548 284 2610 p.
308 2526 382 2590 144.
405 2528 442 2591 Τ.
465 2527 517 2592 Ill.
543 2527 619 2611 quoti
641 2526 687 2591 his
708 2526 751 2590 ita
772 2527 915 2609 scriptum
936 2526 1046 2611 mpetu
1067 2526 1175 2592 Galen.
1199 2529 1233 2593 in

124 2629 240 2694 (ionum.
265 2627 389 2694 1344.
413 2629 451 2694 Τ.
468 2628 567 2694 Xl'll.
591 2629 626 2693 P.
648 2627 686 2690 ll.
711 2627 795 2693 etin
819 2627 919 2692 Gloss.
944 2649 971 2694 s.
996 2628 1028 2692 h.
1051 2650 1084 2694 v.
1106 2631 1160 2696 scd
1182 2643 1229 2714 ap'.

122 2731 299 2795 Erotianum
327 2743 410 2796 recte
438 2730 595 2805 baalalisa
623 2722 749 2820 θύραι,
783 2729 949 2797 Scholiasta
975 2730 1114 2814 Hippoor.
1144 2731 1180 2794 Τ.
1203 2731 1229 2796 1.

123 2855 155 2918 p.
174 2832 226 2899 12.
249 2832 310 2919 τῆς
332 2831 495 2913 δικλίδας,
518 2844 550 2900 et
569 2833 661 2917 vulgo
683 2833 799 2898 obtinet
820 2831 977 2912 lechitica,
1000 2835 1085 2918 eujus
1104 2834 1231 2917 primunt

122 2957 226 3000 casum
247 2935 345 3000 Draco
367 2958 397 3020 p.
415 2935 469 3000 56.
492 2937 593 3021 Etym.
612 2937 656 3000 M.
678 2933 754 3009 518.
770 2933 825 3001 20.
850 2935 973 3020 perinde
995 2945 1030 2998 ut
1050 2933 1157 3023 opulis
1177 2958 1232 3021 per

123 3059 279 3125 syncopen
302 3048 334 3102 et
353 3039 490 3122 systolen
512 3059 554 3102 ex
575 3036 701 3123 διαληΐς
722 3038 918 3106 deformatum
939 3048 1042 3122 potat,
1072 3037 1232 3104 Passovius

61 3130 65 3135 ⁴
122 3150 224 3204 autem
242 3139 341 3204 miuus
359 3141 553 3225 probabiliter
569 3161 588 3203 a
606 3142 699 3204 verbo
719 3139 819 3206 αλύνω
838 3140 968 3234 repetit3
991 3134 1231 3224 ἤμινλεῑςαύ-

121 3243 184 3316 λας
201 3242 306 3306 Suidas
324 3263 367 3306 ex
384 3244 489 3328 ignoto
507 3254 632 3308 auctore
651 3242 739 3306 affert
757 3263 812 3336 pro
829 3239 1082 3331 ἤμινλείστους,
1105 3242 1234 3327 simphci

122 3342 185 3417 scia
203 3344 292 3418 aista
312 3345 521 3410 assimilatum.
557 3345 750 3411 Substantiva
770 3355 869 3412 autom
891 3341 1067 3417 νανανλεύς.
1086 3341 1231 3414 6161666-

121 3443 211 3522 talaia
234 3458 371 3532 oxytona
393 3459 484 3525 suut3
517 3447 589 3511 illud
612 3467 659 3530 ap.
683 3446 784 3512 Biton.
808 3447 845 3510 tle
866 3447 962 3512 ttach.
989 3469 1019 3531 p.
1045 3445 1097 3510 11.
1122 3448 1228 3514 6112.

121 3549 236 3614 Heron.
251 3547 354 3631 helop.
370 3571 401 3632 p.
417 3549 491 3616 125.
511 3550 617 3614 Galen.
630 3548 710 3632 lsag.
728 3549 771 3614 X.
788 3547 862 3614 703.
880 3548 916 3613 Τ.
928 3548 1014 3614 XIV.
1034 3549 1229 3633 6666661.

122 3653 159 3716 66
176 3650 258 3716 Part.
281 3673 311 3735 p.
328 3648 360 3714 8.
386 3651 486 3715 Schol.
505 3653 559 3717 06.
579 3653 619 3720 Σ.
633 3649 713 3719 204.
735 3650 874 3716 Eustath.
895 3673 926 3738 p.
944 3648 1040 3728 1847,
1062 3649 1116 3720 35.
1142 3652 1228 3717 Phot.

121 3775 150 3818 s.
177 3747 321 3840 Σφανύς
346 3763 378 3817 et
401 3753 536 3842 Hesycb.
564 3777 592 3820 s.
620 3745 857 3843 Σιγλοφύρων,
889 3754 1065 3838 saepiusque
1092 3755 1145 3822 666
1171 3755 1231 3820 alio

122 3854 280 3918 intellectu
301 3875 351 3941 ap.
370 3855 620 3941 Hephaestionem
641 3868 674 3922 et
692 3857 908 3937 Quintilianum
929 3857 965 3921 de
984 3857 1062 3924 Mus.
1080 3855 1105 3922 l.
1127 3879 1156 3940 p.
1175 3855 1229 3922 56.

120 3950 288 4031 &vocabola
301 3957 376 4021 locis
389 3959 440 4036 iis,
457 3981 531 4042 quos
541 3959 762 4045 Lexioographi
777 3959 925 4038 indicant3
943 3960 1048 4042 quihus
1061 3969 1231 4043 repugnant

119 4060 268 4146 harytona
281 4052 458 4140 κατύνλεις
470 4061 570 4126 Sshol.
580 4062 658 4129 Ven.
669 4062 755 4126 XIV.
771 4059 843 4128 180.
862 4062 977 4142 116666.
989 4061 1088 4156 Crem.
1103 4060 1140 4124 ll.
1153 4059 1228 4126 233.

121 4172 155 4228 et
180 4158 361 4238 ύντύνλαις·
376 4163 410 4230 16
438 4165 524 4231 codd.
554 4164 685 4254 Pollucis
712 4165 763 4231 Xe
785 4164 839 4232 22.
886 4163 940 4238 llis
969 4163 1090 4230 tertium
1117 4163 1232 4248 affingit
