2792 4725
169 285 241 354 188
536 281 852 350 nissnnrnrlo
880 283 926 348 11.

170 464 284 530 tionem
313 463 404 527 babet
430 462 484 526 iila
511 462 648 526 adverbii
675 483 745 526 cum
772 461 923 548 adjectivo
945 461 1118 548 conjunctio
1139 457 1286 548 δρῖδηλοι

169 566 228 633 τοι
249 561 416 652 ω’μφωδιί,
448 586 517 629 uam
546 565 650 628 eadem
679 564 818 629 libertate
840 564 926 628 Plato
956 575 1005 628 est
1025 585 1098 628 usus
1119 563 1215 649 Legg.
1237 565 1284 628 X.

111 670 117 678 ’
169 667 247 733 885.
270 668 306 734 Β.
327 667 499 753 ἱεροσυλία
519 663 637 753 λα’δρω
657 666 717 733 ταὶ
735 666 850 754 βίαιος
864 663 927 733 ἐδν
940 666 1089 754 γένηται,
1111 679 1143 730 et
1156 666 1286 730 Nounus

168 768 319 840 XXXIV.
340 766 418 836 268.
442 765 487 842 cir
505 765 657 854 διδύμων
672 769 837 836 τελέσειεν
853 760 1039 856 ω’μοιβοῖδιε
1054 773 1135 857 ἔργα
1150 763 1285 848 θεάων,

167 869 300 960 λάθρια
314 864 493 958 Κύπριδος
513 875 595 958 ἔργω
614 871 674 938 sei
693 867 858 958 οἷμφιιδδν
877 868 972 938 ἱστὸν
986 865 1153 956 Ἀθήνης,
1174 872 1283 948 idest,

170 975 248 1041 edam
269 974 418 1049 Veneris,
446 973 544 1058 palam
563 973 741 1049 Minervam
772 972 927 1060 Aristopb.
949 973 1072 1038 Tbssm.
1095 972 1150 1038 91.
1175 997 1285 1061 φωνε-

166 1076 232 1167 ·ρδν
259 1075 284 1164 ἢ
311 1073 428 1164 λάθρᾳ
454 1076 576 1156 λέξων,
606 1086 638 1140 ct
658 1075 808 1140 Homerus
835 1078 900 1162 ipse
929 1076 966 1141 ll.
990 1078 1039 1144 K.
1057 1074 1110 1140 51.
1141 1067 1284 1162 μελήσει

167 1175 317 1270 Ἀχαιοῖς
336 1171 432 1267 δηθά
451 1204 490 1246 τε
510 1179 568 1246 ται
589 1174 733 1267 δολιχόν,
756 1200 824 1244 cum
845 1180 913 1244 aliis
935 1201 1009 1264 quos
1030 1180 1067 1242 ad
1088 1180 1138 1265 Aj.
1154 1200 1187 1243 v.
1202 1177 1281 1246 889.

169 1281 260 1348 attuli
271 1286 312 1366 ³).
362 1282 423 1346 Sed
445 1283 511 1367 jam
538 1282 626 1357 satis,
655 1281 780 1366 opinor3
809 1283 1016 1346 confirmatum
1042 1294 1111 1358 est,
1140 1281 1284 1367 adjectivi

169 1380 330 1474 ἆμφωδδε
351 1385 438 1448 fidem
460 1384 574 1448 nullam
595 1405 685 1461 esse,
721 1405 818 1468 neque
844 1384 941 1470 magis
968 1378 1076 1474 χωνδή
1096 1384 1170 1450 iliud
1191 1393 1223 1448 et
1243 1381 1284 1450 τδ

169 1484 324 1577 ἐμβωδόν
343 1509 399 1573 ριο
419 1497 598 1570 argumento
623 1486 727 1551 afferri
747 1508 849 1572 posse,
871 1488 1064 1552 manifestum
1078 1488 1151 1551 facit
1163 1487 1284 1550 infinita

170 1589 411 1658 adverbiorum
401 1612 434 1654 ιιι
455 1589 528 1664 δον,
548 1588 592 1656 δω
613 1601 646 1654 et
665 1590 729 1676 δην
751 1590 930 1654 exeuntium
952 1591 1054 1674 copia,
1084 1589 1191 1673 partim
1212 1610 1284 1652 ver-

169 1693 281 1760 balium
310 1687 445 1783 οχεδδν,
474 1687 597 1782 ροδδν,
622 1686 786 1771 διιλωδόν,
814 1683 1047 1782 παρασχεδόν,
1073 1686 1283 1766 ω’νωοτωδδν,

169 1787 573 1884 παρωοτωδδνλμβωδδν,
587 1793 816 1884 παρωιβιιδόν,
829 1788 1052 1882 anapaesta,
1060 1787 1210 1882 ἐγκλιδόν
1219 1805 1282 1858 etc.

169 1903 282 1990 partim
302 1921 321 1964 a
341 1900 512 1964 nominibus
533 1899 690 1965 ductorum
711 1893 910 1988 ιιλωγγηδόν,
931 1892 1125 1987 promoto,
1146 1914 1285 1983 puppup-

170 2001 242 2085 δόν,
272 1999 472 2092 βαδωηδόν,
495 1997 692 2088 λεοντηδόν,
721 1993 939 2090 φαλαγγηδόν
967 2012 1026 2066 etc.
1057 2001 1162 2084 quibus
1184 2000 1284 2066 similo

170 2108 351 2194 adjectivum
378 2125 525 2189 nusquam
556 2104 691 2188 gentium
723 2105 886 2188 reperitur.
944 2104 1132 2168 Adversatur
1165 2103 1310 2187 quidem,

171 2211 335 2276 Grimmius
356 2207 491 2271 Gramm.
521 2206 557 2270 Τ.
574 2204 626 2270 111.
649 2203 727 2272 239.
758 2205 932 2270 Buttmanni
958 2206 1097 2291 vestigiis
1123 2206 1281 2290 ingressus

169 2313 272 2378 desii.
294 2311 332 2379 Τ.
352 2309 377 2376 l.
402 2306 455 2373 16.
485 2308 535 2373 cui
556 2299 758 2395 α’νωφωνδόν
781 2319 814 2373 ct
833 2304 1007 2397 τρωφηδόν
1027 2308 1192 2375 accusativi
1213 2328 1282 2373 esse

169 2416 324 2489 videntur,
347 2412 472 2497 perinde
492 2423 527 2475 ιιι
546 2413 642 2475 latina
662 2432 768 2475 coram
788 2420 820 2476 ct
834 2415 956 2497 palma,
969 2410 1032 2479 ¹sed
1052 2414 1209 2481 admodum
1228 2433 1282 2475 vc·

169 2540 254 2593 reor,
284 2536 324 2580 uc
351 2510 520 2601 ιιρωφηδός
541 2526 574 2579 et
593 2506 793 2600 ω’ναφανδός
820 2526 852 2581 et
878 2537 954 2599 quae
982 2515 1029 2581 bis
1050 2515 1161 2581 similia
1181 2514 1281 2599 effingi

169 2628 297 2706 possunt
317 2618 464 2702 adjectiva
483 2612 727 2704 δμοδνμαδός,
758 2612 1035 2704 ἐξονομακληδός,
1062 2620 1283 2707 βουστροφη-

169 2719 238 2803 otc,
257 2713 506 2808 ιιατωφωλωδός,
531 2712 761 2807 διωμοιρηδός,
788 2741 849 2784 non
871 2732 933 2785 tam
954 2721 1089 2787 obsoleta
1109 2723 1171 2786 sint
1192 2742 1286 2806 quam

169 2847 254 2891 mere
281 2826 407 2891 barbara
435 2835 488 2889 aut
515 2834 597 2887 certe
626 2825 693 2909 ejus
716 2822 914 2898 Graecitatis,
944 2845 1019 2908 quae
1042 2824 1154 2889 diluvio
1174 2825 1279 2909 periit.

168 2929 314 3014 Equidem
334 2928 368 2990 iu
388 2926 539 2991 adverbiis
562 2946 638 3009 quac
659 2926 784 3010 stirpem
811 2925 844 2988 iu
866 2936 984 3010 promtu
1004 2928 1132 3012 positam
1153 2926 1277 3003 babent,

169 3027 272 3119 ω’μδξ,
304 3028 376 3117 poli,
402 3025 530 3116 ἔπιμίξ,
551 3020 648 3112 ζδδοῖξ,
677 3020 831 3117 προτδψ,
853 3027 1101 3117 simplicissimam
1122 3028 1196 3093 mibi
1217 3028 1280 3092 ior·

168 3317 231 3368 libri
249 3331 343 3367 consen
326 3315 422 3367 utiuut.
460 3312 524 3365 Cum
544 3311 655 3367 articulo
668 3312 744 3364 Aret
759 3312 873 3379 cosnec
890 3312 968 3369 tcut.
982 3312 1014 3369 11.
1032 3312 1075 3375 12,
1090 3308 1173 3367 δι’
1153 3333 1222 3425 ωερε
1205 3316 1281 3371 arto

167 3401 196 3456 ἐν
210 3398 243 3454 vt
260 3393 398 3471 οἷμριιδδν.

237 3486 310 3551 a)11.
322 3484 383 3541 XV.
399 3478 482 3539 snt
454 3503 505 3539 aas
497 3478 568 3537 ’τιον
586 3478 682 3538 sabeis
644 3479 808 3555 oc’paudos
787 3475 937 3556 αγορεδιιε,
959 3484 1049 3551 Quint.
1058 3483 1130 3543 XJV.
1152 3486 1196 3538 bi.
1215 3478 1279 3540 εἴτε

166 3568 300 3643 τρτφηδδν
284 3567 381 3625 vob's’
398 3566 481 3623 odra
463 3564 621 3640 α’μφιιδίην,
645 3570 721 3625 urat.
738 3570 815 3624 1078.
835 3566 927 3641 arpoi‘c'a
945 3580 991 3627 sot
1009 3566 1141 3640 δμιλοιδδν
1159 3568 1280 3638 ἐρχομέ-

166 3676 240 3727 νῃτι,
256 3656 417 3708 etNicaudr.
432 3656 511 3708 Ther.
532 3654 594 3707 495.
614 3651 783 3726 διεμπτρέωτ
805 3664 853 3711 sai
875 3652 1005 3727 dupdsyds
1022 3658 1194 3724 praetermisi,
1215 3657 1280 3724 quia

167 3745 232 3797 baec
250 3744 380 3810 adiectiva
398 3742 579 3796 adverbiorum
591 3742 675 3796 locum
693 3750 862 3809 occuparunt,
882 3743 952 3796 sicut
964 3744 1090 3798 adverbia
1107 3742 1218 3794 ιιιίοιιΙο
1232 3743 1278 3792 ad·

164 3830 259 3895 juncta
271 3846 318 3895 pro
332 3829 469 3895 adjectivis
484 3828 586 3888 valent,
605 3825 661 3881 τῶν
679 3822 813 3881 ἀνωτάτω
828 3836 875 3883 ται
892 3822 1037 3897 μετεώρων
1055 3826 1149 3881 τόπων
1169 3827 1274 3878 Herael.

165 3916 252 3979 Adlcg.
266 3914 325 3966 XL.
347 3915 407 3966 135.
425 3914 474 3981 τῆς
491 3907 690 3967 drocarum
705 3914 830 3981 μεγδοτης
848 3908 932 3983 ἀρχῆς
949 3913 1023 3965 Pbilo
1040 3916 1071 3965 de
1084 3914 1172 3965 Creat.
1185 3912 1274 3965 Ptine.

166 4000 190 4068 ᾖ.
205 4002 232 4062 5,
249 3999 309 4053 384.
321 3999 408 4064 Mans.
421 4006 449 4051 ct
460 4006 582 4051 nocuum
596 3999 781 4066 comparativis
799 3994 945 4067 φερόμενοι
959 3995 1077 4071 ἀφειδῶς
1095 4004 1142 4051 ται
1159 3994 1278 4069 ἀκρατι-

165 4104 261 4151 ττιρον
278 4086 358 4137 Faus.
375 4084 421 4138 IV·
446 4085 472 4147 7,
491 4086 519 4141 2.
541 4084 617 4153 εἶχον
632 4074 814 4151 armenon
833 4090 880 4137 ιιιιι
897 4076 1013 4153 idione
1029 4081 1092 4135 ibid.
1105 4084 1132 4145 8,
1153 4082 1178 4135 3.
1218 4082 1276 4135 Illis

166 4172 231 4225 addc
249 4170 368 4241 Xenopb·
389 4172 473 4225 duab.
485 4170 530 4225 Vl·
551 4172 577 4233 1,
591 4170 618 4223 3.
636 4161 753 4241 ἥλλοντο
772 4160 867 4249 Ιδιοηλιὶ
886 4191 915 4225 τε
932 4177 978 4227 nat
993 4161 1108 4238 ιιοδφωι.
