2792 4725
211 273 214 277 ’
256 307 313 394 uu
335 305 500 374 uouru.
523 304 572 371 ru
592 291 673 375 m]
688 304 887 373 ruamur.
911 308 941 392 p.
960 305 1011 370 11.
1120 304 1192 373 aaa

55 489 171 564 duci,
206 485 309 573 utique
338 511 401 554 ucu
421 509 558 572 semper,
585 508 655 552 uam
681 498 809 552 centena
837 496 945 552 extant
971 485 1048 570 apud
1068 494 1190 550 veteres

59 601 244 674 correptae
273 589 405 675 syllabae
426 589 564 674 exempla
584 585 817 676 α’κρητοπότης
841 590 951 654 Herod.
974 583 1192 678 βραχυπότης

60 703 102 756 et
126 687 343 778 όρῤοποτεῑν
366 693 506 776 Hippocr.
527 685 782 778 ναλαντοπότης
803 691 914 756 Herod.
945 700 976 755 et
997 690 1100 774 Eurip.
1126 715 1192 776 μο-

63 789 268 880 τριοπότης
287 793 429 880 Xenoplr.
453 795 531 879 quod
551 795 660 858 Pollux
679 789 809 868 εὐτελές
831 813 898 858 esse
915 793 1042 878 judicat,
1064 788 1192 859 όόατο·

65 888 196 982 πότης
215 896 402 983 Phrynichus
425 896 564 962 Comicus
594 918 642 980 ap.
655 896 776 961 Athen.
801 895 838 960 ll.
863 893 916 960 44.
942 895 980 960 D.
1007 885 1192 982 φιλοπότης

68 998 184 1062 Arist.
208 998 302 1084 Vesp.
327 996 380 1065 79.
411 1020 487 1082 quac
515 998 636 1083 produci
668 998 735 1062 siue
764 997 853 1062 metri
889 998 996 1062 damno
1024 1007 1190 1082 nequeunt,

71 1112 110 1165 et
145 1123 167 1166 a
183 1100 311 1166 Polluce
334 1100 387 1165 Vl.
409 1099 464 1167 21).
493 1123 563 1165 cum
589 1099 736 1166 similibus
764 1099 797 1162 in
827 1119 949 1164 censum
978 1100 1075 1164 relata
1100 1108 1191 1178 sunt3

74 1225 117 1268 ac
148 1203 294 1268 simibter
325 1201 358 1265 iu
391 1203 571 1288 Antbologia
606 1213 638 1267 ct
672 1202 749 1286 apud
775 1202 948 1278 Timonem,
982 1201 1194 1266 Manethonem

76 1307 223 1391 aliosque
244 1315 346 1389 poetas
367 1305 510 1391 leguntur
529 1301 819 1394 ἀρρυθμοπότης,
837 1298 1022 1390 ἡδυπότην,
1045 1295 1195 1393 ζωροπό-

77 1431 161 1494 της,
184 1402 418 1494 θερμοπότης,
441 1402 672 1494 μοιριλοπότης
699 1418 759 1472 etc.
811 1407 861 1470 Ex
882 1407 987 1490 quihus
1015 1405 1195 1489 intelligitur

79 1510 166 1574 banc
189 1511 316 1575 formam
335 1512 452 1576 Atticos
473 1532 540 1576 cum
565 1511 632 1575 aliis
654 1533 841 1580 communem
862 1509 992 1588 babere3
1015 1508 1069 1573 sed
1090 1508 1195 1572 iisdem

84 1635 305 1697 nonuunquam
334 1613 481 1698 placuisse
512 1613 705 1700 penultimam
727 1614 891 1699 producere
917 1599 1018 1695 plures
1047 1619 1118 1674 suut
1146 1608 1197 1693 qui

1 1732 2 1757 i
84 1726 254 1783 testantur.
298 1716 411 1781 Moeris
432 1739 463 1800 p.
486 1715 561 1781 380.
584 1713 797 1801 ὑδροποτεῖν
822 1709 876 1781 deul
899 1713 961 1779 τοῦ
985 1698 1015 1780 ὦ
1041 1709 1195 1788 ductario,

87 1818 172 1882 sicut
197 1814 432 1886 ὑδατοποτεῖν
461 1819 602 1884 Cratinus
631 1818 710 1882 dixit
736 1817 857 1902 Fragm.
881 1813 935 1881 78.
958 1814 1063 1880 Aelius
1085 1814 1198 1900 Diony·

1 1946 3 1952 ⁸
89 1921 156 1986 sius
178 1919 317 1986 Eustath.
341 1942 370 2004 p.
385 1918 481 1998 1716
505 1919 558 1986 36.
582 1919 723 1994 όττικῶς
745 1917 883 1995 ἐκτείνει
896 1915 961 2005 την
982 1913 1200 2006 παραλόγου-

1 2064 2 2075 1
94 2048 161 2092 οαν
180 2049 202 2109 η
225 2017 385 2109 ἄμπωτις
408 2019 452 2097 οἷς
474 2023 576 2096 ucl‘
557 2049 575 2090 ο
597 2013 832 2111 οἱμοτοπότης
847 2021 903 2088 ναὶ
923 2017 1112 2108 ὑδροπότης
1128 2020 1198 2103 (sic)

1 2172 3 2191 .
94 2127 233 2246 idemque
259 2125 431 2250 sigpilipare
458 2126 579 2190 videtur
604 2126 778 2192 Athenaeus
802 2123 859 2188 Xl.
882 2121 958 2188 460.
990 2123 1025 2188 Β.
1053 2115 1200 2209 ποτήριον

1 2258 2 2293 l
92 2217 323 2314 ὀἰνομόοθη’
299 2223 369 2294 οπο
381 2247 443 2313 της
460 2220 603 2304 πόσεως,
626 2225 671 2303 οἷς
687 2225 727 2294 τό
743 2231 886 2314 ἔκπωμα
893 2221 1105 2293 οόἎττοκοί·
1127 2226 1201 2294 ἐπεὶ

95 2327 298 2418 ὑδροποτεῖν
317 2329 376 2397 ccl
399 2333 597 2399 οἰνοποτεῖν
621 2331 705 2455 (oud.
730 2331 823 2397 blare.
847 2329 957 2393 bis-
914 2326 1120 2413 -cuueetrl
1146 2325 1202 2394 λό-
1256 2394 1257 2399 ,

97 2455 206 2522 γονον
237 2434 295 2501 ναὶ
313 2426 561 2554 Ἀριστοφάνης
583 2441 621 2503 ἐν
646 2434 691 2522 τῷ
712 2429 804 2521 αὐτῷ
832 2428 980 2519 δράματι
999 2421 1201 2515 οἱμοτοποό-
1231 2430 1235 2441 ’

98 2561 157 2661 της
178 2537 235 2605 τοὶ
253 2527 430 2623 ποτήριον,
453 2560 579 2621 quorum
601 2540 674 2603 baec
696 2538 764 2603 siue
783 2502 872 2600 lubio
894 2546 951 2599 est
955 2534 1118 2610 sententia,
1141 2558 1203 2603 πο·

100 2635 226 2727 τήριον,
245 2661 376 2704 servare
397 2641 532 2709 vocalem
560 2640 704 2726 primitivi
726 2632 832 2725 πότης
861 2650 895 2703 ut
917 2637 1059 2723 simplex,
1082 2648 1203 2720 cumpc-

104 2745 159 2809 sita
180 2765 252 2807 vero
274 2741 366 2804 attico
389 2743 514 2825 quodam
534 2764 618 2806 more
630 2743 789 2826 produci''
770 2764 925 2827 ενποηοο,
950 2732 1204 2825 αἱματοπώτης,

105 2848 235 2933 quodque
252 2843 298 2916 luis
307 2843 458 2928 adjungit,
481 2844 702 2908 Anacreonteum
725 2837 919 2928 οἰνοπότης,
935 2842 1096 2907 llomerum
1116 2843 1205 2905 οἰνο-

110 2946 266 3029 ποτόζειν
286 2946 421 3022 dixisse,
450 2966 488 3008 eo
518 2945 650 3029 pertinet
676 2956 712 3007 ut
742 2944 962 3033 intelligamus,
996 2943 1065 3027 quid
1085 2940 1204 3025 proprie

60 3053 63 3062 “
106 3053 222 3117 atticum
243 3050 299 3131 sit,
316 3047 511 3133 quid'omues
532 3049 565 3112 in
586 3045 755 3132 promiscuo
767 3034 942 3112 debuerint.
987 3044 1091 3129 Neque
1106 3054 1207 3107 tamen

106 3154 175 3219 baec
197 3154 241 3217 ita
257 3152 355 3237 accipi
385 3153 510 3227 debent,
542 3162 682 3235 tauquam
712 3149 875 3214 existimem
903 3147 1131 3235 Lycophrouem
1161 3146 1209 3229 (ut

107 3256 159 3321 boo
178 3254 259 3340 utar)
282 3277 370 3339 quum
394 3248 594 3341 αἱμοποότης
616 3254 775 3329 scriberet,
800 3268 868 3336 mag
869 3254 895 3315 is
917 3251 1026 3314 atticae
1049 3260 1209 3314 consuetu·

109 3358 179 3422 diuis
200 3357 335 3443 regula
327 3379 415 3441 quam
436 3378 580 3421 concessa
601 3356 739 3421 omuibus
762 3355 900 3447 libertate
915 3374 1001 3417 usum
1018 3372 1097 3417 esse.
1133 3350 1209 3415 Nam

110 3461 255 3545 productio
277 3461 314 3533 ad
336 3454 393 3534 boc
414 3459 588 3539 universum
609 3480 704 3543 genus
727 3442 875 3543 pertinet,
900 3444 1123 3543 μεθοόοότης,
1148 3478 1210 3521 σο·
1293 3484 1297 3494 “

110 3554 224 3650 βότης,
247 3557 409 3651 διαβήτης
430 3574 497 3630 etc.¹
517 3562 689 3645 nulliusque
721 3571 774 3625 eut
796 3558 914 3635 dialecti
936 3559 1045 3625 finibus
1066 3558 1210 3623 termina·

112 3676 157 3729 tur
174 3675 225 3729 aut
245 3666 470 3750 significationis
492 3666 611 3738 ratione
638 3664 767 3747 regitur.
812 3660 945 3747 Namque
970 3661 1210 3727 commenticium
1313 3704 1314 3708 ,

110 3766 232 3846 videtur,
262 3768 340 3852 quod
361 3768 548 3833 Herodianus
568 3766 662 3831 tradit
683 3765 844 3829 discrimen
867 3766 899 3828 iu
920 3766 1022 3851 Etym.
1046 3765 1088 3829 Μ.
1112 3763 1213 3849 ‹palo-

114 3864 208 3956 πότης
226 3896 245 3935 ο
236 3866 373 3957 ’φιλῶν
397 3867 545 3949 πότους,
565 3859 822 3956 φιλοπότηςὲ
786 3863 861 3933 ‹id‘
843 3892 860 3933 ο
889 3867 996 3955 φιλῶν
1020 3864 1129 3935 πολλοὶ
1152 3862 1213 3933 πό-

115 3997 188 4058 νοιν,
212 3974 316 4057 quibus
339 3995 414 4058 quae
428 3974 594 4063 subjuncta
615 3981 687 4035 suut
708 3972 819 4051 verba,
854 3970 886 4033 iu
910 3969 1104 4035 Herodiuueis
1127 3968 1212 4031 Pier-

116 4074 221 4160 suuip.
245 4073 320 4144 457
345 4086 376 4140 ct
400 4075 627 4158 Hermaunip.
625 4067 710 4139 310.
735 4074 946 4160 praetermissa
968 4060 1151 4160 muipcp'ulp
1170 4068 1210 4137 τό

92 4176 212 4245 ποτόν
234 4178 291 4247 τοι
314 4175 357 4246 οὐ
383 4174 493 4267 πόμα,
515 4201 552 4245 ea
573 4178 610 4243 ad
631 4179 835 4263 probationem
859 4174 933 4241 nihil
953 4198 1010 4241 unu
1011 4178 1126 4306 ferunt,
1154 4175 1213 4243 nisi
