2792 4725
99 4466 313 4689 ἱ

441 332 579 402 11⁰
1155 326 1806 395 DISSERTATIO
1865 327 1958 394 11.
1999 337 2005 342 '

438 513 604 580 ultro
648 510 919 596 citroque
968 509 1152 574 fluxit
1203 530 1442 587 sermo,
1498 507 1945 596 Aglaophamus
1995 509 2116 576 rite
2160 512 2477 598 composuit
2514 536 2637 580 eou-

440 617 704 702 diditque
748 613 1025 699 sepulcro
1066 611 1141 677 T.
1190 611 1240 677 1.
1288 612 1440 678 775.
1505 607 1745 702 Πτύγξ
1801 614 1935 680 avis
1994 635 2214 680 nomen
2270 617 2453 681 semel
2506 616 2637 703 legi·

439 730 547 785 tur
587 717 781 783 Arist.
826 716 903 781 H.
950 715 1114 779 Ann.
1157 713 1270 779 lx.
1329 715 1438 792 13,
1482 713 1549 779 3.
1596 738 1710 782 nee
1760 718 2060 803 scriptura
2102 728 2357 783 constat.
2442 717 2550 783 Sed
2582 719 2640 783 in

349 866 354 874 ·
442 813 710 889 omnium
757 840 872 884 usu
919 828 1203 883 versatur
1245 839 1467 882 nomen
1513 814 1706 908 λύγξ,
1766 823 1919 906 quod
1976 842 2154 906 quum
2197 820 2465 884 affectum
2509 843 2639 886 ven.

439 923 645 994 triouli
688 921 1010 1008 significat,
1056 921 1300 1006 generis
1343 932 1443 985 est
1484 924 1854 988 eommunis:
1913 920 1960 1008 ἤ
2002 917 2162 1010 λύγξ
2203 922 2389 986 Thue.
2422 922 2494 987 11.
2536 922 2634 989 49.

440 1027 596 1093 Plat.
631 1026 834 1113 Symp.
878 1023 1025 1089 185.
1083 1024 1159 1088 D.
1197 1023 1454 1088 Aristot.
1498 1023 1700 1088 Prohl.
1747 1023 2042 1088 XXXIII.
2091 1024 2157 1090 6.
2194 1023 2367 1090 Aret.
2404 1025 2472 1089 de
2505 1025 2634 1089 Cur.

440 1129 621 1197 Aeut.
671 1128 747 1193 11.
815 1127 883 1205 4,
943 1125 1096 1193 269.
1156 1124 1285 1213 τήν
1331 1122 1541 1214 λύγγα
1596 1127 1752 1191 Plat.
1807 1127 1852 1189 1.
1905 1149 1962 1191 e.
2026 1128 2229 1192 rarius
2290 1138 2430 1202 τοῖς
2477 1124 2642 1215 avrel

445 1232 661 1305 Galen.
723 1232 795 1295 de
849 1230 988 1294 Art.
1048 1230 1209 1295 Med.
1256 1231 1407 1293 XX.
1471 1226 1621 1295 356.
1686 1231 1760 1294 Τ.
1810 1229 1859 1293 1.
1930 1251 2082 1314 quae
2140 1232 2332 1294 forma
2390 1240 2640 1315 tanquam

445 1336 627 1400 attica
689 1334 1031 1418 praefertur
1084 1332 1323 1418 vulgari
1380 1328 1641 1420 λυγμός
1691 1354 1756 1398 v.
1818 1332 1995 1396 Phot.
2057 1343 2119 1397 et
2175 1333 2388 1397 Thom.
2474 1333 2642 1397 Ferae

443 1456 664 1502 nomen
725 1457 904 1520 quum
959 1437 1111 1520 apud
1165 1435 1414 1499 Latinos
1471 1435 1805 1499 eommunis
1875 1434 1958 1499 sit
2026 1436 2310 1520 generiS,
2383 1435 2530 1500 idem
2579 1436 2640 1497 de

444 1560 663 1627 graeco
707 1539 1167 1602 existimandum
1215 1537 1496 1616 videtur3
1554 1537 1845 1621 quomodo
1903 1537 2244 1602 declinetur
2301 1538 2473 1602 docet
2507 1537 2644 1601 The-

444 1642 688 1707 odosius
716 1639 948 1704 Anecd.
993 1662 1051 1725 p:
1088 1638 1239 1704 996.
1287 1635 1365 1706 τὸ
1409 1635 1590 1728 λύγξ,
1636 1635 1750 1706 ὅτε
1791 1642 1928 1724 μὲν
1970 1637 2048 1706 τὸ
2092 1641 2265 1727 ζῷον
2307 1639 2511 1725 δηλοῖ,
2549 1634 2642 1705 choi

445 1730 669 1813 vofi'u‘
698 1742 1015 1818 κλίνεται,
1060 1737 1172 1808 ὅτε
1215 1740 1287 1809 δὲ
1329 1738 1408 1809 τό
1451 1740 1687 1816 πάθος
1731 1739 1843 1809 Ota*
1888 1743 2016 1809 τοῦ
2056 1731 2127 1832 {Z
2202 1743 2321 1807 Sed
2365 1752 2427 1807 et
2453 1744 2521 1806 ab
2551 1742 2646 1804 hoo

444 1857 806 1935 propagatur
845 1847 1095 1911 verbum
1139 1843 1566 1932 λυγκαίνειν,
1625 1845 1778 1928 quod
1824 1845 2040 1909 Suidas
2082 1842 2442 1926 οἶναλύζειν
2480 1845 2645 1908 inter-

446 1962 740 2039 pretatur,
787 1959 852 2014 et
891 1971 924 2014 e
971 1945 1274 2014 contrario
1318 1968 1428 2033 pro
1473 1949 1686 2035 lynces
1729 1944 1964 2037 λύγγες
2009 1948 2303 2013 exhibent
2340 1947 2505 2012 codd.
2534 1945 2645 2030 plu-

443 2055 585 2121 rimi
639 2052 891 2117 Aristot.
938 2053 1011 2116 H.
1057 2054 1218 2116 Anu.
1281 2050 1358 2114 V.
1405 2051 1466 2114 1.
1531 2066 1607 2136 p:
1643 2047 1794 2127 538,
1853 2049 1961 2116 23.
2020 2051 2273 2115 Mirabh.
2343 2075 2399 2116 e.
2447 2048 2647 2130 75.³⁹)

447 2169 512 2224 et
552 2156 686 2220 aliis
729 2155 879 2219 loeis
922 2177 986 2217 v.
1019 2153 1298 2216 Mueller.
1346 2154 1420 2217 ad
1462 2153 1672 2216 Tzetz.
1719 2175 1783 2216 v.
1821 2151 2006 2217 1125.
2049 2151 2267 2218 Jacobs
2312 2155 2385 2218 ad
2431 2151 2669 2217 Aeliam

445 2282 504 2346 p.
549 2257 701 2325 277.
767 2259 840 2320 ad
884 2255 1168 2319 Philostr.
1228 2276 1287 2339 p.
1330 2253 1482 2319 479.
1546 2251 1670 2329 τοὶς
1724 2251 1976 2344 λύγγας
2009 2291 2094 2303 -
2133 2252 2211 2320 τὸ
2271 2251 2648 2344 λυγγούριον

446 2361 605 2427 Plut.
643 2363 715 2425 de
747 2360 871 2425 Sol.
906 2358 1108 2422 Anim.
1144 2355 1247 2422 IV.
1299 2356 1446 2422 146.
1494 2357 1565 2423 Τ.
1596 2357 1766 2423 XIII.
1814 2369 1883 2423 ut
1923 2358 2160 2443 saepius
2206 2358 2495 2424 scribitur
2531 2357 2650 2443 lyn-

447 2464 603 2529 eurii
648 2483 865 2527 nomen
910 2482 970 2523 v.
999 2459 1314 2544 Spanhem.
1358 2461 1432 2526 ad
1462 2461 1615 2526 Call.
1660 2462 1737 2526 Η.
1786 2463 1852 2525 in
1897 2458 2078 2525 Dian.
2120 2459 2229 2526 89.
2281 2473 2346 2525 et
2366 2461 2647 2525 Maussao.

447 2566 520 2630 ad
566 2564 749 2629 Psell.
797 2564 870 2627 de
912 2562 1060 2647 Lap.
1106 2585 1163 2647 p.
1200 2562 1266 2627 4.
1315 2584 1430 2628 neo
1483 2585 1624 2629 raro
1680 2565 1746 2628 in
1799 2562 2000 2628 herois
2044 2564 2290 2628 nomine
2334 2563 2526 2627 media
2564 2580 2652 2644 ap-

447 2678 620 2755 paret
660 2688 769 2751 pro
802 2665 994 2729 tenui·
1081 2662 1273 2754 Λύγξ
1312 2663 1392 2732 τό
1431 2660 1629 2743 τόξον
1672 2665 1935 2752 Hesyoh.
1973 2666 2379 2730 Schneiderus
2414 2667 2478 2728 in
2508 2662 2650 2727 Lex.

446 2791 503 2837 s.
550 2767 731 2849 Λίζω
778 2768 1161 2851 depravatum
1204 2779 1372 2854 putat
1415 2790 1498 2833 ex
1540 2766 1704 2858 λίγξ,
1758 2769 1912 2853 quod
1953 2779 2119 2833 certe
2162 2768 2432 2854 intelligi
2476 2771 2655 2851 potest

449 2871 739 2960 quomodo
784 2881 982 2935 ortum
1039 2871 1142 2935 sit.
1204 2908 1292 2920 —
1355 2870 1426 2935 In
1482 2871 1555 2947 λε
1612 2892 1756 2935 num
1813 2870 1936 2935 ulla
1983 2891 2111 2935 vox
2152 2871 2326 2935 linita
2369 2870 2454 2935 sit
2492 2865 2657 2932 nimis

452 3000 620 3060 quam
672 2972 908 3038 dubium
950 2974 1226 3053 videtur3
1291 2994 1546 3057 namque
1593 2994 1692 3050 eo,
1744 2974 1896 3057 quod
1924 2972 2264 3059 Hesychius
2298 2973 2524 3056 aliique
2563 2989 2658 3031 an·

448 3080 748 3160 {iqunrum
808 3077 1052 3139 tradunt
1108 3071 1265 3142 α’λκί
1321 3072 1461 3143 οἷπό
1508 3069 1787 3149 613θεῖαέ
1827 3075 1950 3161 τῆς
1988 3069 2109 3150 εἷλε
2154 3072 2242 3149 αἶς
2287 3072 2490 3162 σάρξ,
2548 3090 2658 3135 11οΠ

423 3184 700 3252 ,efficitur
748 3190 808 3240 ut
856 3178 1260 3242 nominativus
1300 3177 1365 3241 in
1412 3178 1902 3242 consuetudinem
1933 3188 2212 3261 receptus
2239 3177 2455 3253 fuerit,
2502 3175 2659 3259 eujus

452 3284 500 3348 εἰ
564 3280 840 3364 sumnila
894 3280 1305 3345 innotuissent
1361 3280 1715 3358 Technicis,
1785 3281 1860 3344 ad
1917 3279 2339 3365 explicandum
2402 3274 2557 3348 α’λκί
2605 3286 2663 3341 et

448 3384 620 3452 {Hm
680 3404 868 3464 nir-qne
922 3383 1293 3467 metaplasmi
1349 3403 1546 3466 neque
1602 3402 1898 3471 apocopae
1943 3384 2341 3449 excusatione
2381 3383 2481 3447 usi
2523 3380 2662 3444 fuis·

452 3500 624 3563 seith.
688 3508 800 3568 qm}
844 3485 1074 3548 aceedit
1114 3485 1232 3549 alia
1274 3486 1455 3551 ratio.
1545 3485 1795 3549 Romani
1824 3484 2060 3569 quidem
2090 3486 2265 3559 cah),
2294 3484 2498 3569 faLv,
2548 3504 2664 3547 non

448 3592 859 3676 τῡῃιιιῑίεινιιηι,
928 3586 1041 3650 etsi
1084 3587 1149 3650 in
1194 3588 1438 3653 diastasi
1482 3587 1898 3673 praetulerunt
1946 3586 2228 3651 molliora
2286 3590 2450 3665 alsi,
2494 3586 2670 3673 fidei

452 3708 568 3756 etr..
636 3692 744 3752 nisi
812 3690 962 3772 quod
1027 3690 1334 3766 nonnulli,
1394 3702 1464 3754 ut
1516 3689 1860 3754 Priscianus
1926 3690 2047 3769 ait,
2104 3690 2443 3773 perfeetum
2498 3685 2667 3754 verbi

448 3800 684 3881 :affligi-n
732 3796 938 3857 mum
974 3792 1237 3857 seribere
1283 3791 1482 3856 conati
1525 3801 1690 3859 sunt.
1777 3792 1893 3856 Sed
1925 3793 2173 3880 Graecis
2209 3805 2427 3857 eontra
2467 3788 2668 3867 ἅλξις,

448 3905 736 3973 ἔπαλξις,
780 3893 1078 3974 Ἀλξίων,
1122 3895 1307 3976 ἕλξω,
1358 3894 1690 3959 offensione
1721 3916 1842 3958 non
1869 3896 2139 3972 fuerunt,
2187 3896 2498 3981 displicuit
2522 3913 2672 3974 vero

726 4050 865 4059 ί--ι

584 4137 672 4197 3213.
712 4137 812 4185 Ilm:
844 4137 951 4186 loco
982 4133 1274 4217 pars-codd.
1311 4127 1448 4220 λῦἴα
1474 4132 1687 4201 praehet
1715 4140 1770 4185 et
1799 4133 2159 4203 Theognostus
2186 4153 2237 4206 p.
2270 4112 2391 4193 132².
2427 4131 2530 4203 λε’-ξ
2553 4152 2665 4188 con·

444 4225 620 4285 juurtc
660 4241 768 4269 vum
816 4222 933 4273 aliis
969 4222 1023 4272 in
1054 4220 1117 4285 υξ
1152 4227 1404 4271 recenset.
