2792 4725
204 274 256 343 DE
279 270 487 341 SUBSTANT.
511 269 718 341 emacem.
742 272 882 341 PARAG.
908 273 987 342 ION.
1011 276 1040 361 5.
1056 274 1109 341 16.
1160 275 1229 343 5444

118 452 401 537 Θεσσαλσνέιιεια,
426 446 634 543 Σεβόστεια,
665 450 845 522 Κυλώνειοι
865 454 1026 542 (colonia),
1047 450 1230 543 Ἀπόμεια,

117 559 288 627 faciendum
310 558 442 636 videtur,
465 568 500 623 ut
521 559 558 621 dc
579 557 626 629 his
648 578 765 642 quoqne
786 558 897 642 aliquid
918 558 1102 644 adjiciamus.
1136 559 1230 623 Dore

117 662 183 749 ipsa
204 661 280 726 nihil
302 682 370 725 esse
392 670 492 745 potest
513 660 758 741 controversiae,
786 661 838 728 sed
861 662 1016 745 quaeritur
1043 672 1112 725 utra
1132 662 1230 725 forma

117 765 160 831 sit
180 763 342 849 antiquior.
387 762 420 826 Id
442 784 515 831 vcro
544 762 647 827 neseio
677 783 717 827 an
746 784 843 847 neque
873 783 915 827 ex
942 774 1042 837 aetate
1074 774 1229 828 auctorum

118 888 217 952 neque
238 870 280 931 'cx
306 865 444 950 analogia
470 864 581 949 liquide
604 864 737 950 judicari
763 864 870 951 possit.
924 865 1001 929 Nam
1030 860 1226 951 Εὐριόπεια,

122 964 332 1056 Ψαμάθεια,
354 959 571 1055 Νεοβσόλεια
597 988 629 1033 v.
661 967 776 1033 Licbcl.
808 969 846 1031 ad
878 967 994 1037 Archil.
1017 967 1127 1033 XdeI.
1153 967 1226 1034 126.

120 1065 294 1159 Σνόρφεια
324 1081 355 1135 et
382 1062 593 1139 Καλλιόπεια
622 1069 713 1155 longo
750 1081 818 1155 post
847 1065 1017 1157 Εόρόπη,
1053 1064 1226 1158 Ψαμάθη,
1332 1143 1335 1160 .

118 1169 301 1259 Καλλιόπη
323 1176 443 1256 cto-²⁰)
470 1172 633 1245 intervallo
661 1184 884 1257 provenerunt3
917 1171 1155 1262 Περσεφόνεια
1175 1195 1228 1238 au·
1256 1198 1259 1210 ·

119 1270 192 1357 dein,
208 1267 428 1364 Πηνελόπεια
440 1275 625 1359 antiquiores
647 1275 758 1340 hahent
779 1296 866 1360 quarn
882 1269 1087 1363 Περσεφόνη
1109 1289 1140 1341 ct
1153 1278 1230 1364 Πη-

118 1376 245 1467 νελόπη
264 1390 416 1447 auctores.
462 1378 502 1443 m
526 1388 560 1441 ut
580 1377 731 1443 Nicander
744 1373 866 1465 νόμων
882 1381 1039 1464 usurpavit
1052 1402 1106 1465 pro
1121 1404 1228 1468 σκαμ-

117 1482 234 1571 μωνία
255 1484 392 1567 idemque
416 1477 568 1569 βρυόνη,
590 1483 667 1565 quod
688 1481 759 1545 alibi
780 1502 843 1545 non
870 1482 982 1567 legitur
1001 1483 1056 1548 scd
1077 1483 1125 1553 sni
1146 1484 1228 1549 simi·

119 1588 160 1651 lia
181 1587 270 1651 habet
295 1580 468 1671 εἷνεμόνη,
491 1576 682 1671 εἷργεμόνη,
704 1606 758 1668 pro
779 1584 944 1671 βρυωνία,
967 1589 1008 1652 ita
1030 1588 1099 1663 huic
1120 1588 1227 1656 similis

119 1690 281 1755 verborum
303 1688 416 1786 artifex
436 1688 588 1772 Euphorio
609 1709 663 1772 pro
678 1678 817 1772 Μήδεια
837 1689 993 1755 invexisse
1014 1691 1135 1760 videtur
1147 1681 1228 1777 Μή-

119 1792 161 1879 a]
185 1815 217 1856 v.
244 1790 377 1857 Meinek.
403 1813 433 1876 p.
457 1788 511 1853 64.
535 1800 567 1853 et
587 1790 771 1874 posteriores
792 1789 939 1881 Κυθέρη
960 1814 1014 1877 pro
1035 1791 1225 1881 Κυθέρεια.

119 1895 224 1980 Neque
247 1895 431 1980 Stephanus,
462 1892 593 1978 quidex
616 1914 673 1977 quo
707 1905 807 1957 ortum
835 1893 895 1970 sit,
924 1894 1088 1959 decernere
1113 1896 1224 1964 audete

119 1988 331 2085 Ἀγόμεια-
341 1997 472 2085 λέγεται
493 1991 707 2082 ιιαϊἉγόμηΙ
714 1993 757 2071 αῖς
771 1995 934 2083 πρόσβεια
946 1996 1077 2093 πρέσβη
1089 1996 1146 2066 oct
1159 1999 1227 2084 βα-

122 2098 229 2174 σίλεια
246 2098 330 2177 ιιατό
354 2095 566 2189 συναλοιφην
583 2098 709 2186 βασίλη
727 2099 785 2174 ιιαλ
802 2096 980 2186 Μαντίνη.
1024 2093 1177 2179 Δόναται
1191 2098 1228 2167 δέ

121 2204 178 2272 cci
197 2199 235 2275 τό
255 2198 420 2291 Ἀγόγιεια
441 2206 476 2269 ἐι
492 2201 555 2269 τοῦ
576 2196 709 2295 Ἁγόγνη
733 2198 777 2278 cic
796 2194 1027 2289 Πηνελόπεια.
1069 2202 1128 2267 Sed
1143 2202 1226 2288 prins

121 2320 223 2374 tamen
244 2309 377 2394 praefert
396 2296 424 2372 ε’.
453 2297 645 2374 Ψυττάλεια
667 2344 711 2355 -
728 2301 936 2394 Ἠραιλιανός
958 2296 1142 2392 Ψυττόλην
1164 2330 1226 2373 xc·

121 2415 183 2480 λεῖ·
215 2415 302 2478 ὲόιιιε
330 2409 366 2476 δὲ
388 2407 427 2478 τό
453 2405 645 2498 Ψυττάλεια
674 2403 903 2498 πρωτότυπυν
932 2409 1023 2478 εἶναι
1053 2407 1098 2487 cic
1118 2405 1228 2480 Ἀπό-

120 2542 216 2604 μεια,
238 2510 445 2592 Μαντίνεια,
467 2509 644 2600 Ἐρύθεια,
665 2513 866 2602 Ζόλειαῗῑ),
898 2535 1023 2598 quorum
1044 2524 1227 2598 postremum
1278 2504 1285 2525 '

121 2620 199 2705 apud
221 2618 381 2684 Homerum
409 2617 540 2699 legitur,
574 2626 725 2702 postremo
756 2619 926 2702 proximum
954 2620 1030 2703 apud
1051 2619 1225 2699 Hesiodum,

120 2721 300 2807 Μαντινόη
328 2722 360 2784 in
388 2719 523 2803 catalogo
552 2721 685 2784 navium.
729 2719 815 2806 Apud
836 2721 956 2786 eosdem
976 2732 1080 2805 poetas
1101 2720 1227 2810 Ἑλίκη,

121 2828 174 2892 sed
203 2825 235 2889 in
266 2823 363 2909 ignoti
384 2821 598 2888 versificatoris
627 2822 758 2888 carmine
779 2824 856 2888 Phil.
882 2822 966 2904 Quod
987 2827 1088 2892 mund.
1109 2827 1225 2894 incorr.

122 2953 153 3016 ρ.
177 2926 252 2994 963.
278 2927 314 2992 C.
335 2924 491 2996 Ἑλίκεια.
543 2925 647 3013 Neque
679 2935 779 2990 tamen
807 2925 840 2990 in
866 2927 1042 2994 universum
1071 2929 1226 3015 quidquam

191 3223 238 3294 λθ)
261 3224 311 3276 Pro
328 3219 499 3294 Κασσιόπεια
522 3226 638 3294 ΑροΙΙοό.
658 3226 701 3279 111.
722 3227 753 3288 1,
777 3230 804 3283 2.
824 3227 940 3298 Hcynins
957 3230 1125 3288 Κασσιέπεια
1147 3229 1229 3280 σιιιϊί-4

124 3309 163 3373 git
181 3325 213 3360 ex
230 3312 286 3362 cod.
304 3311 385 3364 Dorv.
405 3313 522 3380 idemque
541 3313 657 3380 Scaliger
674 3314 789 3381 praefert
806 3316 837 3366 ud
855 3316 944 3367 Manil.
964 3315 984 3366 1.
1004 3316 1066 3368 354.
1085 3315 1120 3366 cf.
1139 3313 1224 3366 Reitz.

125 3397 158 3446 cd
174 3397 284 3462 Luciun.
303 3399 334 3450 de
353 3399 420 3451 Sole.
439 3400 462 3468 ξ.
482 3403 525 3453 44.
544 3417 570 3470 ρ.
589 3401 649 3454 468.
669 3399 701 3452 Τ.
720 3401 754 3454 V.
776 3401 852 3466 cnjus
869 3403 907 3455 rei
931 3401 1072 3454 arbitrium
1089 3418 1167 3469 penes
1185 3419 1226 3454 co-

123 3483 193 3534 dices
211 3486 276 3534 est'o.
302 3483 474 3558 Καλλιόπεια
492 3487 593 3553 quidem
611 3488 694 3539 solnm
712 3489 854 3552 invenitur,
873 3505 923 3538 non
940 3496 972 3541 ut
988 3494 1162 3550 θεσπιέπεισ,
1181 3491 1227 3540 sed

124 3569 229 3636 propria
244 3563 392 3637 Xeniorum
408 3571 491 3626 Noun.
509 3573 633 3626 XXXVI.
653 3574 715 3631 236.
739 3572 868 3643 (Χαρόιιη
885 3575 921 3626 io.
940 3576 1016 3642 274.)
1032 3581 1225 3644 Κυπρογένεια,

123 3657 320 3724 Πσντσγένειιι,
347 3654 536 3729 Καλλιγένεια,
552 3663 758 3732 Πρωτογένεια,
775 3657 948 3729 Ἠριγένεια,
966 3664 1031 3714 nihil
1047 3662 1170 3714 differunt
1194 3663 1227 3713 ab

124 3741 270 3807 adjectivis.

193 3827 323 3893 2¹)1aem
341 3822 497 3901 Αἶγόνιια,
518 3820 652 3900 Ἀφότεια,
671 3829 822 3900 Γερόνεια,
844 3836 996 3888 Κνναέθεια
1014 3845 1064 3887 etc.
1100 3836 1138 3887 De
1156 3838 1227 3902 Πέμ-

125 3910 181 3966 πλα
205 3922 233 3966 et
249 3907 391 3986 Πόμπλεια
410 3935 435 3969 v.
456 3917 601 3971 Tzsehuek.
620 3922 652 3971 ad
671 3921 757 3972 Strab.
778 3921 809 3972 T.
829 3920 874 3972 Ill.
891 3924 951 3976 448.
970 3917 1084 3994 Σιιιόρφη
1097 3929 1125 3972 ct
1138 3913 1245 3985 zado·

124 4017 188 4067 φιια
207 4001 269 4056 ibid.
295 4019 320 4069 p·
343 4005 402 4059 552.
429 4004 584 4058 Cocondrius
608 4007 638 4058 de
662 4006 802 4075 Trop.111.
823 4008 882 4060 784.
903 4007 935 4058 Τ.
952 4007 1019 4060 VIII.
1030 4008 1225 4058 ‘metaschemn

127 4087 229 4140 tisinum
247 4105 303 4141 esse
321 4091 360 4142 ait
375 4081 445 4146 όταν
460 4086 477 4160 ἡ
489 4083 633 4160 Πηνελόπη
644 4089 753 4162 λέγηται
765 4085 944 4163 Πηνελόπεια,
961 4089 979 4146 ό
992 4084 1113 4164 Βριαρῆε
1132 4092 1226 4159 (Βρια-

123 4166 197 4244 ρεόι)
213 4173 360 4242 Βριάρεως.
651 4240 653 4251 Ι

156 4260 263 4314 Lodcclt.
284 4265 405 4331 Pcrulc'p.
958 4278 998 4342 21
