2792 4725
167 270 238 348 154
524 267 845 348 ulssteltt’suto
875 271 920 340 tl.

166 465 199 521 et
219 451 377 540 panificus,
399 469 531 535 aruspex
552 460 586 516 et
606 450 761 537 prospicns
784 453 834 534 (ut
853 453 1021 540 perspicue,
1043 453 1210 540 despicus),
1233 475 1284 524 ar-

165 559 265 643 miger
287 566 320 622 et
339 554 527 640 morigerus,
559 553 671 630 tihieca
692 566 725 620 et
745 555 907 636 tibicinas,
938 558 1089 644 vesticeps
1112 568 1145 624 et
1165 559 1284 632 urbica·

165 682 233 761 pus,
256 659 452 739 foenisexxet
471 657 645 736 foeniseea3
666 660 720 724 sed
739 659 854 731 nullum
877 661 949 727 novi
970 683 1080 728 nomen
1102 665 1181 748 quod
1201 663 1282 738 idem

165 767 207 834 sit
227 751 341 850 primae
362 763 396 827 c't
415 761 565 828 secundae
586 762 809 828 declinationis.
843 763 1016 850 Compluria
1037 775 1137 831 autem
1159 779 1283 854 propter

166 867 418 957 significationem
445 865 499 930 uni
521 876 594 931 sunt
613 866 704 932 ecxui
725 868 874 954 adscripta
900 878 937 934 ut
959 871 1106 954 proseda,
1135 873 1279 950 succuhe,

164 973 318 1067 procella,
347 968 548 1055 sanguisuga,
579 989 657 1053 quae
677 991 697 1036 a
720 969 843 1041 Graecis
869 965 1153 1056 quoque'lerninine
1180 975 1282 1060 appel„

164 1078 279 1148 lentur.
319 1073 385 1141 Jam
407 1072 494 1158 primi
517 1073 656 1159 generis,
682 1084 719 1138 ut
739 1073 826 1144 modo
848 1075 1000 1154 dicebam,
1027 1075 1060 1140 in
1081 1098 1191 1161 graeco
1213 1097 1280 1142 scr·

163 1201 254 1255 mone
276 1176 360 1244 nulla
380 1175 533 1262 sepelitur
553 1175 730 1254 similitudo,
755 1178 807 1240 sed
829 1177 906 1252 houd
928 1199 1021 1262 pauca
1043 1190 1116 1244 sunt
1136 1201 1155 1244 a
1176 1179 1280 1246 verhis

163 1286 232 1363 sive
253 1279 409 1366 harytonis
431 1278 497 1344 sire
520 1277 725 1348 circumflexis
747 1279 910 1365 composita
932 1273 1199 1370 αἰθεροβδονης,
1222 1278 1280 1350 δε.

163 1385 288 1473 δέηης,
313 1371 571 1468 importaturos,
598 1380 835 1469 οιηέρπηςὶδ),
860 1375 1047 1470 escatilem,
1073 1408 1280 1478 mpoyptmco-

164 1487 283 1577 δίφης.
303 1479 528 1571 πιννοτήρης,
550 1476 746 1577 λοηοθήραο
767 1496 827 1548 ete.
874 1485 1059 1572 Simplicium
1081 1499 1182 1552 autem
1204 1488 1279 1558 fides

165 1594 302 1674 incertas
331 1589 442 1673 Αἴτης
461 1581 595 1676 πτωχός
615 1588 691 1671 apud
714 1587 877 1653 Herodian.
895 1589 992 1674 Epim.
1016 1611 1046 1674 p.
1066 1588 1141 1654 166.
1165 1601 1197 1654 ct
1219 1591 1279 1656 lle·

165 1694 322 1782 s‘ychium‚
346 1690 396 1782 qni
418 1711 508 1774 quom
529 1709 619 1772 saepe
641 1689 789 1763 voeabula
810 1691 905 1776 capite
928 1701 1067 1756 trunceta
1087 1692 1120 1757 in
1142 1692 1280 1759 ordinent

163 1795 333 1880 receperit,
361 1792 410 1863 hie
431 1813 549 1877 quoqne
570 1791 749 1876 suspicionis
771 1813 874 1858 ansam
895 1796 1036 1878 praehetp
1069 1806 1191 1862 veteres
1214 1794 1280 1879 qui·

163 1901 233 1972 dem
250 1894 391 1982 ἐπαίτης
409 1906 441 1963 et
456 1893 641 1982 προςαίτης
659 1895 815 1970 dixerunt.
839 1890 941 1986 Ἐχης
959 1892 978 1964 6
995 1889 1154 1972 πλούσιος
1172 1897 1277 1983 Etym.

162 2003 205 2069 hl.
235 2012 269 2067 et
294 1997 457 2068 Herodian.
482 1999 580 2083 Epim.
609 2021 640 2084 p.
663 1996 718 2069 38.
748 2020 804 2083 per
829 1987 917 2086 pc—0}
939 1999 1085 2066 declinari
1112 2010 1147 2064 ut
1172 2000 1297 2086 πένης-

162 2103 305 2172 discimus
330 2124 347 2168 e
371 2101 486 2176 Lexico
509 2102 574 2168 MS.
601 2101 731 2169 Adhertii
754 2102 790 2176 ad
815 2101 948 2189 Hesych.
975 2124 1003 2168 s.
1027 2097 1279 2193 Εδχατότερον,

162 2207 304 2272 Latium
326 2203 430 2274 dicere
450 2204 478 2268 si
498 2203 615 2276 radices
636 2223 708 2272 suas
731 2203 765 2266 in
787 2226 895 2289 graeco
918 2226 1059 2270 sermone
1081 2202 1187 2286 hahet,
1218 2207 1278 2272 huc

46 2334 50 2341 ¹
163 2310 274 2378 referri
296 2317 396 2393 potest
415 2302 523 2392 Λίντρ
544 2304 627 2380 τοδε
648 2299 823 2388 δικαστάς,
851 2302 980 2389 Ἠλεῖοι
1001 2308 1134 2396 Hesych.
1163 2307 1212 2374 oui
1236 2309 1279 2383 si,-

164 2413 236 2481 mite
256 2410 374 2501 λέσχης
391 2408 584 2483 Grammatici
605 2429 623 2479 a
644 2408 744 2499 λέσχη
766 2410 922 2489 derivant,
946 2412 1002 2479 hoc
1023 2432 1041 2476 a
1061 2412 1158 2507 λέγω,
1179 2432 1276 2497 neque

163 2518 265 2583 minus
284 2514 413 2598 τένθης
433 2513 555 2578 aberrat
575 2532 595 2577 e
615 2511 811 2587 similitudine
833 2514 919 2585 verhi
938 2514 1056 2596 τέηδω,
1079 2516 1159 2586 unde
1179 2513 1278 2602 repeti
1304 2572 1308 2582 .

163 2620 244 2685 solet
264 2638 299 2685 r.
323 2614 423 2684 Schol.
447 2613 525 2679 Ven.
548 2616 586 2678 ed
607 2614 704 2679 Arist.
728 2614 798 2679 Pac.
823 2612 920 2685 1009.
948 2628 980 2683 et
1002 2613 1144 2704 Θοδρην
1162 2610 1277 2705 βάτην

163 2720 297 2809 llesych.
339 2716 458 2783 Nomen
478 2709 593 2804 πώλης
615 2716 725 2784 Pollux
747 2718 838 2791 tradit
859 2718 893 2785 iu
916 2720 1068 2787 comoedia
1090 2719 1182 2806 legi„
1198 2719 1278 2803 quod

162 2825 191 2891 si
213 2808 312 2890 sotuin
335 2829 458 2891 extaret
482 2820 707 2895 testimonium,
739 2821 796 2893 vix
820 2834 926 2902 contra
950 2822 1051 2888 dicere
1076 2824 1277 2905 auderemusp

162 2928 217 3005 sed
241 2947 283 2993 ex
305 2922 515 3007 Aristophanis
539 2922 626 2999 loco,
658 2944 747 3007 ηοοοι
770 2936 941 3010 respectat,
969 2924 1034 3013 joci
1058 2945 1149 2992 musa
1174 2924 1278 2990 fictum

163 3050 232 3095 esse
251 3035 386 3112 opperct.
426 3025 590 3099 Praeterea
610 3025 779 3111 Hesychius
801 3028 933 3112 quinque
954 3028 1043 3113 hujus
1065 3028 1109 3093 iili
1130 3026 1278 3093 vocabula

163 3130 300 3217 suggerit
320 3128 454 3219 Βέῥρης
475 3126 658 3216 δραπέτης,
674 3120 831 3217 ,Τμηήος
850 3125 1013 3217 reciptet.
1038 3122 1176 3219 η’ροτηρ,
1204 3125 1278 3199 Τύ-

163 3258 230 3320 πης
250 3224 419 3319 πλήκτης.
434 3226 540 3317 Ὕδης
561 3235 738 3318 ἔμπειρος,
761 3243 792 3299 et
812 3232 934 3324 Φοδτης
956 3232 975 3303 ὁ
996 3228 1099 3321 adpo}
1119 3231 1213 3321 πηροὶ
1235 3230 1276 3301 τὸ

164 3335 299 3424 φοιτᾷν.
342 3331 455 3400 Horum
477 3334 605 3418 primum
626 3335 653 3406 si
675 3356 817 3409 erronem
839 3336 1007 3421 significat,
1034 3327 1161 3425 βερρης
1178 3337 1276 3423 scribi
1388 3336 1390 3341 ’

163 3448 297 3524 praestat
318 3448 353 3505 ot
375 3430 525 3524 πλτνήο,
554 3448 588 3505 et
607 3439 734 3507 verbum
758 3436 830 3513 hinc
851 3437 1019 3509 derivatum
1042 3429 1275 3529 βερῥητοδειν,

232 3734 438 3804 mnemonico
455 3736 591 3805 Σιγὶρπης
605 3732 812 3804 leopoldum,
830 3737 897 3805 qnod
915 3737 1008 3789 Critici
1025 3738 1200 3790 restituerunt
1217 3736 1276 3790 Cel·

162 3821 290 3883 limaeh03
309 3822 375 3872 idern
393 3829 478 3875 tumen
496 3817 636 3890 ηαμτρπὴς
651 3822 744 3885 allcrt5
763 3819 885 3881 διανοίας
901 3822 1058 3892 ηομερποδς
1072 3822 1178 3892 Niceph.
1194 3822 1273 3889 Greg.

161 3906 230 3959 nisa.
247 3906 303 3959 Vll.
319 3910 346 3959 4.
364 3907 423 3960 1³7.
439 3908 468 3958 B.
488 3915 611 3959 nentrum
629 3912 764 3977 χαμτρπέι
781 3908 890 3975 Gregor.
906 3908 971 3966 Nez.
989 3911 1034 3963 Or.
1051 3909 1147 3963 XXlll.
1166 3910 1226 3963 tat.
1243 3911 1273 3963 Β.

158 3994 269 4057 palmae
289 3995 399 4046 chamae
417 4008 495 4061 repes
514 3993 592 4045 Plinii
612 3995 725 4064 hybrida
745 4004 800 4057 est,
826 3997 877 4048 nisi
897 3998 1052 4067 clccmcrper
1072 3998 1194 4065 scripsit3
1220 3994 1277 4051 cciv

161 4077 342 4145 ηαμαιρεποῖν
357 4076 535 4150 κροκοδείλων
552 4078 646 4139 ouen.
661 4083 693 4135 de
707 4081 774 4143 Med.
791 4082 880 4152 simpl.
897 4082 958 4139 Feta
973 4082 1010 4139 Χ.
1028 4084 1072 4149 dh,
1088 4086 1150 4141 300.
1168 4083 1201 4139 Τ.
1214 4082 1274 4139 ΧΠ.

163 4165 230 4217 vitio
247 4174 345 4235 aperto.
559 4169 563 4177 '
