2792 4725
128 262 138 411 [
166 309 236 379 ιιι
524 307 847 377 nrssnnrnrro
875 310 921 377 11.

165 481 298 570 σπίλυξ
317 490 383 557 sive
402 481 574 572 α’σπυίλυξ,
598 491 689 558 attice
711 502 812 556 autem
835 485 970 577 σκίλοψ
991 511 1023 556 v.
1047 488 1216 557 Comment.
1240 493 1278 557 ad

164 593 319 678 Aristoph.
338 594 414 658 Aeh.
434 591 510 675 879.
535 616 553 659 a
574 596 669 661 verbo
691 591 840 675 σκοίλλυι,
862 604 896 658 ut
918 592 1069 671 ereditur3
1099 595 1165 659 avis
1187 615 1279 680 quae·

165 697 232 761 dam
248 689 413 784 οἱσκοίλιυψ
430 710 463 762 et
476 693 644 776 σκολόπαξ
660 721 693 764 v.
706 697 882 762 Schneider.
899 696 935 759 ad
949 695 1055 782 Eelog.
1069 696 1160 782 Phys.
1176 719 1206 782 p.
1219 695 1275 761 41.

165 799 203 863 ad
225 799 352 863 Aristot.
375 800 413 864 Τ.
437 800 489 865 IV.
516 799 590 865 131.
618 822 716 884 neque
739 800 882 863 differunt
902 795 1078 888 γλίχομυι,
1099 796 1279 886 λίπκομαι,Ι

165 901 264 980 libeo,
293 899 401 991 γλίξαι
421 903 451 966 id
473 911 521 967 est
542 904 760 988 ἐπιθυμῆσαι
782 899 914 988 Hesyoh.
944 903 1022 966 unde
1043 900 1156 992 λίχνος
1177 912 1278 966 ortum

165 1005 306 1083 videtum
343 1006 380 1070 ad
407 1005 481 1069 haee
509 1006 551 1094 ίψ
581 1016 613 1069 et
640 1006 670 1083 ίξ
695 1028 727 1071 v.
752 1003 864 1069 Nicias.
892 1005 929 1068 ud
954 1003 1066 1088 Geopp.
1091 1003 1129 1069 V.
1154 1003 1215 1081 53,
1240 1002 1275 1070 0.

44 1097 49 1105 ’
164 1105 291 1171 Bar-ker.
322 1109 359 1172 ad
385 1109 488 1195 Etym.
519 1130 549 1193 p.
580 1105 674 1173 1093.
707 1108 752 1191 (in
779 1104 898 1188 adnot.)
926 1101 975 1194 ὂψ
1000 1129 1085 1185 vox,
1115 1103 1181 1196 κίψ
1207 1108 1276 1186 nix,

166 1201 231 1298 ρυίξ
252 1231 342 1294 rupes
364 1210 555 1297 (interposita
575 1211 674 1276 vocali
695 1221 730 1274 ut
750 1231 854 1294 sepes,
879 1211 1018 1287 serobes,
1042 1211 1148 1286 nubes,
1175 1211 1275 1288 navis,

165 1313 266 1396 copis,
291 1314 375 1398 jugis
396 1335 450 1398 pro
471 1305 540 1397 ζύξ)
562 1311 669 1400 σκυίψ
690 1313 785 1397 cinips
808 1311 988 1399 (ciniphes),
1018 1307 1144 1398 κώνωψ
1169 1314 1273 1392 culex,

165 1407 290 1500 σμολδιξ
310 1427 343 1480 et
361 1412 495 1504 μοι’λωψ
516 1438 535 1480 a
554 1411 667 1503 σμάω,
690 1417 769 1480 unde
792 1411 912 1502 σμώνη
934 1414 1032 1500 plaga,
1057 1414 1166 1503 φλίβω
1190 1416 1273 1502 dign,
1346 1487 1348 1500 1

163 1516 265 1606 deifluo
288 1518 386 1603 liquo,
409 1513 492 1593 ὀπός
513 1540 622 1594 sneus,
646 1519 751 1603 quibus
774 1529 900 1603 cognata
923 1518 1066 1583 videntur
1087 1539 1195 1602 sapon,
1220 1540 1275 1583 ne·
1328 1543 1336 1552 ·

165 1641 271 1705 sapus,
297 1621 459 1705 insipidus,
487 1621 662 1698 insubidus3
692 1613 785 1706 ἧπαρ
804 1622 911 1707 jecur,
940 1626 1046 1694 ἵππος
1068 1626 1175 1703 ίκκος,
1203 1642 1275 1685 oon-

164 1723 229 1788 nivi
253 1723 396 1800 connixi,
426 1723 607 1796 etfortasse
632 1718 829 1790 seditioso
854 1716 957 1802 κάλυξ
969 1726 1021 1806 ⁴),
1051 1717 1166 1810 aedifi,
1197 1724 1275 1809 quod

164 1825 252 1893 hodie
274 1847 336 1890 non
357 1825 486 1911 legitur,
508 1826 593 1900 tabes
606 1826 647 1907 ⁵).
681 1824 786 1909 ltaque
807 1825 866 1890 tria
888 1826 1097 1910 distinguimus
1120 1825 1274 1890 nominum

164 1950 298 2015 genera3
321 1950 414 1993 unum
436 1929 512 2013 quod
534 1928 620 2013 stirpi
641 1929 803 1992 verborum
822 1928 1042 2014 primitivorum
1062 1929 1169 2014 sigma,
1193 1951 1275 1992 oom-

162 2052 253 2097 mune
269 2031 458 2096 formationis
474 2031 720 2106 instrumentum,
737 2031 889 2117 adjungit:
914 2028 1014 2109 κλείς,
1031 2028 1115 2112 δαίς,
1129 2028 1216 2106 ναῦς
1228 2030 1273 2114 ⁶),

128 2209 134 2234 ι
162 2135 266 2222 φλέψ.
293 2135 444 2210 ΑΙιεςοιιι,
468 2134 545 2218 quod
566 2135 691 2197 eandem
714 2133 833 2198 literam
855 2133 908 2198 sed
929 2133 1045 2197 inserta
1065 2133 1155 2198 simul
1173 2133 1273 2198 vocali

160 2239 260 2315 addit,
289 2237 341 2303 vel
364 2257 468 2321 puram
493 2221 605 2315 ἐλπίς,
630 2227 754 2326 οἷχυιίς,
787 2235 838 2301 vel
861 2236 1023 2321 implexam
1047 2247 1167 2313 mutae,
1198 2257 1276 2320 quae

161 2341 195 2405 in
216 2341 302 2406 verbi
323 2339 456 2405 motione
477 2338 654 2417 asciscitur,
678 2334 810 2426 σύριγξ,
832 2331 1004 2429 υἷμοίρυγξ,
1026 2340 1085 2405 nisi
1106 2340 1159 2405 sio
1172 2341 1276 2406 dinero

160 2453 295 2530 praestat
314 2443 448 2530 syllabas
466 2426 552 2521 ἷῖεί
571 2428 614 2522 οἶξ
631 2442 698 2509 sire
716 2430 789 2532 oy}
799 2443 1085 2529 prossohematismn
1108 2444 1207 2529 potius
1229 2444 1277 2508 ai-

228 2703 257 2771 d)
274 2702 398 2773 Hesychii
414 2698 536 2773 Κοίλυγες
551 2697 588 2758 σοί
605 2693 710 2775 ἔμβρυα
727 2703 794 2756 idem
812 2718 869 2757 esse
887 2705 1003 2769 videtur,
1021 2706 1088 2775 qnod
1105 2692 1222 2766 κοῖλυκες,
1241 2711 1275 2757 nt

160 2785 334 2863 ὅρτυκεςρεο
351 2784 461 2861 ὄρτυγες
476 2790 574 2842 Anoed.
592 2806 620 2859 p.
640 2791 718 2843 1400.

228 2893 256 2961 5)
278 2891 375 2946 Forfex
398 2909 498 2962 quoqne
522 2893 578 2945 sold
601 2894 686 2961 speeie
711 2892 815 2946 differre
837 2901 899 2961 poto
922 2910 938 2946 a
957 2892 1057 2962 forceps
1079 2908 1106 2947 v.
1125 2894 1270 2960 Boettiger.

160 2978 413 3033 Sauromata.
433 2996 484 3048 quo
502 2984 580 3047 quum
598 2980 700 3047 proprio
718 2980 878 3045 significetur
895 2972 1027 3032 fabrorum
1045 2980 1214 3033 ferrariorum
1233 2982 1272 3031 in-

158 3074 342 3128 strumentum,
361 3067 428 3134 qnod
446 3080 538 3130 graeco
555 3067 740 3135 θερμαυστρίς
757 3066 783 3117 id
801 3072 842 3117 ost
859 3066 1000 3135 formioapa
1017 3068 1114 3119 dieitur
1131 3084 1157 3119 v.
1178 3069 1210 3119 nd
1224 3066 1270 3131 di.

157 3170 185 3223 ρ.
204 3154 265 3207 358.
289 3161 379 3221 postea
397 3167 489 3204 nomen
507 3152 539 3204 ad
558 3152 611 3203 ulia
628 3152 766 3203 decussata
783 3154 939 3205 translatum
958 3160 999 3205 est
1016 3154 1047 3205 ob
1066 3153 1163 3205 formae
1181 3154 1272 3204 simili-

157 3241 291 3303 tudinem
321 3240 353 3291 ab
375 3238 464 3291 eadem
485 3237 567 3289 formu
588 3237 752 3290 denominata
772 3246 834 3290 sunt
853 3237 995 3309 κίρκιυος,
1020 3256 1126 3301 cancer,
1152 3238 1274 3300 cancelli„
1377 3296 1386 3305 ,

157 3323 302 3397 κιγκλίδες.
320 3326 465 3395 Hesychius
481 3318 626 3393 Κοῖγχοιλος
642 3326 731 3393 κρίκος
747 3318 765 3377 o‘
782 3321 828 3376 ἐπί
846 3326 907 3378 ταῖς
923 3320 1035 3391 θύραις,
1052 3322 1176 3379 Σικελοί·
1196 3341 1272 3393 quem

158 3413 235 3478 vulgo
256 3403 379 3480 ῥόπτρου
396 3412 527 3479 appellant
549 3425 577 3460 v.
596 3406 723 3477 Harpoor.
754 3410 779 3461 A
795 3412 884 3479 κρίκος
900 3411 1048 3477 derivatum
1064 3413 1177 3485 κίρκιυος
1197 3412 1271 3463 oiroi-

157 3514 224 3561 nus,
249 3499 294 3567 qni
311 3505 339 3549 et
356 3487 486 3569 κᾶρκιυος
502 3496 610 3547 dieitur.

226 3601 254 3669 0)
269 3601 294 3653 Α
310 3596 382 3665 κίοι,
399 3602 468 3665 κίοι,
485 3594 617 3665 κείσομαι
634 3595 803 3650 Grammatioi
821 3613 848 3650 v.
864 3598 962 3651 Aneed.
978 3599 1064 3652 Gran.
1081 3600 1101 3653 Ι.
1118 3601 1179 3659 teo.
1199 3608 1275 3653 reete

156 3688 277 3742 derivare
293 3686 417 3739 videntur
439 3693 467 3737 et
483 3680 564 3753 υῆσος
586 3691 613 3735 et
629 3680 696 3740 υκίς
714 3685 774 3736 'sive
792 3681 867 3751 veis,
889 3682 937 3740 υοῖς
960 3682 1008 3755 τῆς
1028 3683 1108 3742 υουός
1127 3687 1213 3756 Etym.
1233 3686 1273 3739 M.

156 3775 234 3842 enjus
251 3788 420 3844 synonymum
438 3778 480 3823 est
495 3760 590 3837 πλωτή
613 3785 640 3821 v.
662 3768 753 3826 Gorois
771 3771 804 3821 od
821 3770 968 3839 Aelianyp.
988 3773 1048 3825 314.
1069 3774 1095 3823 id
1113 3781 1154 3825 est
1171 3768 1188 3841 ἦ
1204 3770 1272 3826 πλί-

156 3881 237 3927 οωα,
259 3850 438 3929 ἧυηῇομίυη.
471 3857 511 3909 At
529 3857 617 3908 eodem
634 3856 715 3907 verbo
733 3858 846 3922 κίπους,
864 3853 982 3911 vatimont
998 3869 1025 3912 et
1042 3861 1187 3913 καυσίπους
1204 3858 1222 3909 i.
1235 3874 1268 3925 q.

154 3946 285 4018 υηξίπυυς
301 3946 450 4012 composita,
470 3958 578 4010 quornm
596 3957 657 4008 pars
676 3942 804 4009 posterior
821 3959 870 3993 uon
888 3943 978 4009 pedem
997 3944 1042 3995 sed
1059 3948 1174 4013 πυρείαυ
1191 3945 1271 4009 signi·

154 4034 217 4086 dent
232 4049 261 4087 v.
278 4032 392 4084 Dissert.
410 4029 442 4083 V.
462 4014 550 4097 5212.
570 4035 626 4079 not.
646 4029 690 4080 18.
726 4027 815 4098 Neque
834 4029 940 4081 aliunde
957 4027 1042 4099 υῆυσοι
1060 4031 1164 4082 ducitur
1182 4030 1269 4082 Sehol.
1295 4090 1299 4095 ¹

153 4120 238 4174 Arist.
254 4120 322 4172 Arv-
343 4118 403 4171 odo.
423 4132 487 4168 anos
505 4130 521 4166 ι
538 4114 622 4166 nando
640 4113 719 4167 Varr.
738 4114 770 4167 de
787 4114 819 4167 L.
835 4114 866 4167 Ι..
887 4114 920 4168 V.
941 4116 982 4171 13.
1003 4124 1031 4168 et
1048 4116 1159 4171 fortusse
1177 4111 1271 4189 ιρῆσσιι
1309 4164 1313 4179 ,

153 4208 232 4277 ρίκοίι
250 4206 342 4277 planus
360 4220 377 4258 a
392 4198 474 4276 ydor,
496 4202 558 4273 qnia
574 4201 685 4269 speeiem
702 4201 773 4263 rusi,
796 4194 990 4277 οἷσσρημίυου,
1013 4202 1102 4255 habet.
