2792 4725
178 308 231 375 uu
244 276 382 377 nourr.
399 308 556 383 Auleon.
573 306 625 373 nr
640 308 770 384 suusr.
789 307 881 383 cun.
896 307 1031 375 nnuc.
1054 310 1083 395 ς.
1101 306 1135 374 c.
1158 306 1232 383 sos

121 486 220 570 Atque
242 484 348 549 horum
370 485 514 559 feminina
537 504 690 551 uon-raro
704 485 959 561 substantivorum
973 496 1075 570 portes
1088 486 1230 562 abeunt,
1342 544 1345 554 ,

122 588 336 672 comprehensa
358 588 444 653 modo
466 589 540 652 artis
563 599 595 653 et
616 588 751 652 officinae
772 589 860 652 modo
881 588 1075 653 instrumenti
1092 588 1230 664 notione,
1295 666 1299 675 Ι

107 691 268 767 'oratoria
292 690 473 766 barbatoria,
495 690 646 768 versoria,
669 690 784 755 lusorio
815 690 859 773 (id
881 702 930 755 est
949 689 1118 770 botelleriu)
1143 683 1233 775 ἀἶρε-

120 792 234 879 τηρία,
256 788 412 879 α’ρτηρία,
427 791 589 885 βατηρία,
613 792 802 879 ζεακτηρία,
825 791 986 879 ἱκετηρία,
1009 790 1243 880 μελαντηρία,Ι

120 896 330 981 πεαστηρία,
354 894 562 983 στυπτηρία,
586 893 771 985 σχαστηρία
800 897 976 980 (casteria),
999 913 1125 980 quorum
1156 914 1233 957 uon·

122 998 206 1063 nulla
229 1009 366 1062 neutrum
391 1019 506 1083 quoque
526 998 635 1070 babent
657 1010 688 1063 et
710 1000 920 1067 masculinum.
967 999 1116 1066 Victoria
1130 1005 1232 1059 nutem

122 1101 149 1166 si
171 1102 236 1185 quis
258 1101 414 1185 adjectivis
439 1104 576 1165 inserere
606 1102 755 1179 obstinet,
789 1122 832 1165 ex
852 1102 1015 1189 synonymi
1036 1100 1154 1165 adorea
1174 1117 1233 1161 usu

122 1202 316 1289 probabiliter
337 1204 541 1287 argumentari
565 1205 688 1289 poterit,
713 1225 868 1289 quorsum,
890 1205 941 1291 qni
961 1204 1035 1269 illud
1056 1202 1233 1268 introduxe-

121 1316 206 1380 runt,
230 1304 360 1367 animum
390 1306 588 1373 intenderint.
635 1308 692 1371 Sed
726 1308 949 1373 consideremus
970 1306 1044 1371 alia.
1086 1305 1233 1373 Πασσα-

122 1406 178 1498 dip
199 1402 412 1474 αἀελίσσεται
431 1408 517 1473 Aret.
547 1408 621 1473 714.
652 1410 678 1475 si
701 1409 767 1493 quis
790 1431 857 1473 eum
878 1411 945 1499 nlijs
968 1409 1102 1495 ejusdem
1119 1414 1231 1490 poetae

121 1510 299 1574 dictionibus
331 1511 467 1575 conferat
497 1508 667 1603 ὁμηλασίγ
694 1507 854 1579 ductent
886 1534 919 1577 v.
944 1510 1019 1576 178.
1048 1504 1233 1597 αἶααναμίγ
1270 1538 1276 1545 ·

106 1610 356 1699 popiorucov.
382 1611 457 1677 714.
488 1614 563 1677 nibil
585 1615 773 1681 cunctabitur
801 1615 1021 1681 substantivum
1043 1615 1156 1688 dicere,
1180 1608 1233 1702 sed

120 1714 199 1783 idem
222 1716 367 1779 concedet
388 1714 520 1779 dativum
549 1737 615 1781 esse
639 1738 726 1803 posse
749 1717 891 1801 adjectivi
917 1708 1104 1789 πασαύὸιος
1125 1715 1233 1779 adver·

119 1816 161 1881 bii
190 1814 341 1885 monocoli
370 1817 588 1901 significatione
621 1821 806 1905 praeditum,
845 1841 941 1904 neque
971 1819 1061 1884 aliter
1089 1819 1126 1881 do
1147 1837 1234 1884 παν·

120 1918 209 2007 οικίᾳ
242 1917 431 2004 (marceni),
460 1921 677 2007 similibusque,
708 1945 784 2009 quae
806 1923 843 1987 ud
867 1923 981 2007 Pbryn.
1011 1943 1041 2006 p.
1067 1918 1142 1989 518.
1165 1940 1235 2004 pro·

122 2023 190 2099 tuli,
215 2022 337 2088 sentiet.
387 2021 576 2110 Τετραορία
605 2024 684 2091 baud
711 2026 800 2090 dubio
819 2026 1039 2091 substantivum
1061 2034 1110 2089 est
1131 2033 1164 2086 ut
1182 2046 1235 2087 ce·

120 2124 328 2215 τραατοιχία,
344 2123 557 2213 διφαλαγγία,
573 2126 742 2216 τρείοφία,
764 2126 907 2214 scandice,
929 2123 1134 2213 speudorcio,
1150 2147 1236 2213 epte·

120 2226 365 2317 ααιδεκαμορία
388 2227 466 2291 Dial.
489 2229 641 2315 Hermipp.
672 2232 709 2295 de
729 2231 844 2296 Astrol.
869 2230 908 2295 11.
936 2230 987 2305 12,
1011 2229 1065 2295 49.
1089 2228 1143 2293 scd
1163 2252 1236 2293 πα-

121 2329 241 2420 ρηορία
267 2352 329 2396 uon
354 2330 450 2402 solum
480 2330 506 2395 si
541 2329 605 2420 τήν
635 2336 694 2414 ἔξω
725 2333 787 2400 soti
814 2334 916 2423 ζυγοῦ
942 2330 1060 2420 ἦαίαα·
1076 2334 1143 2398 sivo
1164 2330 1232 2422 lora

23 2463 30 2480 ·
121 2436 191 2520 equi
211 2434 322 2498 funalis
344 2434 506 2518 significat,
529 2436 581 2498 sed
598 2437 687 2500 ctiam
700 2438 728 2502 si
741 2432 857 2527 cippo
872 2433 1073 2528 scoppdptpr,
1094 2430 1235 2526 udjectiri

121 2537 250 2602 similius
272 2536 392 2602 videtur
414 2547 447 2600 ut
468 2534 642 2623 αίπηόριος.
688 2535 897 2630 Αὐτοχειρία
924 2541 1040 2629 δράσας
1055 2537 1233 2630 Apollonius

121 2641 210 2720 dixit,
235 2650 267 2702 at
280 2635 470 2708 adcomodio
501 2651 535 2704 ut
556 2643 713 2727 adjectivis
735 2646 934 2724 adscribatur,
958 2645 1035 2710 bnud
1057 2641 1145 2706 facile
1168 2639 1234 2724 quis

120 2742 340 2828 impetraverit.
383 2738 592 2830 Ἠμιαρααία
620 2757 651 2808 et
672 2747 890 2834 trecentenario
912 2749 938 2813 si
952 2770 1020 2812 oum
1030 2742 1138 2818 πόνος
1152 2739 1236 2828 rype-

121 2838 259 2931 κροίγιος
290 2844 398 2908 Galen.
429 2845 540 2929 Eupor.
571 2847 608 2909 L.
632 2847 683 2912 111.
719 2849 794 2914 516.
825 2852 862 2915 Τ.
886 2850 971 2915 XlV.
1003 2857 1234 2936 componuntur,

123 2947 200 3011 nibil
224 2945 395 3012 credibilius
424 2958 490 3023 est,
513 2969 600 3034 quem
632 2971 743 3014 nomen
774 2949 875 3030 αόαος
896 2956 1038 3020 omissum
1071 2971 1159 3030 esse,
1176 2947 1236 3013 sed

122 3071 236 3128 moram
257 3049 355 3134 injicit
376 3049 662 3136 περιπνευμοαία,
687 3055 872 3121 cuinullum
894 3081 962 3122 cum
984 3052 1140 3142 adjectivis
1162 3072 1234 3116 cou-

122 3152 261 3220 sortium.
321 3150 366 3214 Itu
397 3155 481 3236 quasi
512 3154 677 3238 reciprocis
710 3159 794 3222 nuris
825 3160 860 3236 ju
887 3162 1009 3224 diversa
1036 3155 1232 3243 impellimur.

121 3251 260 3340 Αἰθρία
282 3275 372 3338 supra
394 3276 460 3318 cum
482 3256 635 3345 χειμερία
667 3272 699 3324 ct
723 3260 868 3326 similibus
897 3249 1157 3336 consociavimus,
1180 3257 1234 3334 sed

122 3358 149 3423 si
171 3358 237 3442 quis
259 3357 292 3420 iu
315 3355 498 3424 eontrarium
524 3363 649 3426 tendens
671 3365 708 3427 nb
722 3364 849 3451 αίθρος
869 3364 918 3428 vel
936 3365 1046 3453 αἴθρᾳ
1059 3364 1233 3448 productum

120 3471 156 3526 ut
177 3481 196 3524 n
215 3451 311 3548 μαίτη
330 3457 452 3556 ματία,
476 3482 495 3525 a
516 3456 614 3551 μα’γη
634 3464 766 3552 μανία,
795 3458 947 3553 nondun
973 3464 1103 3534 σπανία
1123 3464 1233 3550 etc.⁸²)

123 3564 314 3649 ejusdemque
337 3565 451 3629 ordinis
473 3587 540 3632 esse
562 3569 686 3644 statuit,
710 3591 772 3634 nou
796 3569 946 3639 deteriore
962 3572 1035 3657 juro
1057 3573 1128 3636 erit.
1172 3568 1234 3634 Ne·

123 3687 181 3751 quc
204 3687 246 3730 en
267 3688 316 3747 eo,
343 3668 420 3752 quod
441 3670 552 3735 meria
574 3690 650 3756 aqua
671 3673 782 3739 dicitur
797 3685 831 3742 ut
843 3673 986 3740 interium
1001 3673 1119 3752 vinum,
1143 3694 1235 3759 orpu-

121 3851 332 3867 *-

188 3957 235 4024 82)
251 3957 302 4009 Pro
311 3963 405 4025 'coopto
418 3961 433 4012 J
436 3962 518 4014 udice.
534 3962 607 4016 xvl.
619 3981 647 4018 v.
657 3965 683 4018 7.
695 3967 844 4020 Holmosius
861 3969 962 4020 eoodd.
980 3964 1062 4037 νευριί
1074 3968 1172 4031 edidit;
1187 3970 1234 4021 sed

121 4040 232 4094 latinum
244 4047 337 4094 noreio
359 4045 445 4098 obstet
464 4051 635 4102 tentantibus.
671 4055 836 4124 Πραθααμία
856 4056 935 4120 vulgo
954 4057 1024 4108 inter
1044 4057 1148 4123 ellipsos
1167 4055 1234 4107 rete·

121 4135 185 4178 runt
195 4129 333 4186 ,intellecto
345 4134 445 4185 nomine
456 4130 556 4205 ἡμέρα,
581 4137 648 4204 quod
659 4139 787 4206 equidem·
796 4143 907 4194 noudum
921 4142 1005 4210 reperi
1021 4143 1061 4194 illi
1074 4138 1232 4209 obductum,

122 4229 152 4266 uc
166 4222 252 4283 potest
264 4218 456 4273 substantivum
470 4237 528 4276 esse
543 4231 573 4276 ut
584 4227 734 4295 προνομία.
