2792 4725
257 291 317 358 on
343 287 511 361 uouru.
538 287 714 358 nouos.
746 287 783 356 c.
803 287 829 354 1.
859 289 890 374 ς.
912 287 946 356 ο.
1013 242 1024 276 '
1098 289 1165 358 sor

83 477 146 540 licat
169 472 323 557 repudiato
344 471 558 558 metaplasmo,
589 469 675 556 eujus
705 467 904 554 patrocinium
935 467 1070 553 equidem
1101 489 1164 536 nou

83 576 234 660 suscipiam,
260 575 313 640 seu
342 573 396 639 illa
425 572 617 659 probabilius
638 571 714 636 mihi
738 593 842 660 parum
866 571 1024 657 explorata
1044 571 1166 638 videtur

83 699 224 763 nomenque
252 688 407 742 tonsuram
434 675 608 761 siguilicans
638 675 740 740 lnhito
770 695 809 740 au
831 669 921 760 ποκῆ
949 673 1048 760 potins
1078 694 1166 758 quam

83 773 153 866 αύκη
170 779 353 844 scribendum
375 776 427 842 sit.
449 814 494 828 -
515 776 659 862 Sequitur
678 776 852 842 terminatio
869 761 925 856 οἷ,
955 778 1040 862 cujus
1062 779 1166 842 decem

84 881 196 966 exempla
215 880 331 964 proicit
349 878 560 964 'lheoguostns
576 878 677 944 Cram.
697 878 736 943 ll.
756 878 831 946 132.
855 875 928 958 νύξ,
951 871 1040 960 στύξ,
1064 873 1167 967 Φρύξ,

84 977 169 1068 lipsii,
190 977 288 1068 οφύξ,
312 975 426 1068 στρύξ,
448 977 547 1068 τρύξ,
568 974 667 1058 πτύξ,
689 977 780 1070 λύγξ,
800 977 871 1059 λύε.
914 981 1043 1047 Dimidio
1065 981 1166 1047 minus

84 1088 123 1150 sel
140 1085 251 1149 hehnito
274 1105 386 1170 genere
408 1095 440 1148 et
465 1105 592 1149 numero
622 1083 776 1150 Helladins
797 1083 895 1150 Photii
919 1085 955 1148 C.
978 1081 1055 1160 279,
1088 1081 1163 1148 874.

81 1189 162 1258 πέντε
186 1187 249 1254 etot
286 1182 532 1276 μονοσύλλαβα
567 1190 615 1262 alc
636 1175 694 1264 αἶ
709 1183 859 1275 λήγοντα
887 1178 1043 1274 θηλακύ,
1074 1177 1166 1274 spele,

82 1283 153 1366 πύξ,
166 1287 233 1370 νύξ,
247 1284 336 1365 πτύξ
350 1313 408 1356 και
398 1285 523 1369 πνύξ,
538 1311 663 1374 quorum
679 1291 816 1355 ultimum
832 1312 918 1378 pers
934 1289 1092 1364 declinari,
1108 1290 1166 1353 hnc

80 1394 165 1509 puina
173 1414 224 1477 per
246 1417 282 1480 y,
303 1391 420 1477 reliqua
445 1415 500 1478 per
520 1417 557 1483 χ
579 1413 648 1456 narn
663 1393 790 1477 genitivi
813 1390 914 1484 ννχός
935 1395 1061 1458 formam
1077 1411 1165 1476 appa·

80 1516 133 1558 rere
156 1495 186 1558 in
216 1488 427 1585 πύνναχος,
448 1495 502 1560 seul
537 1517 592 1580 pro
624 1520 644 1585 χ
667 1495 826 1560 inductum
853 1517 922 1560 esse
947 1493 1168 1560 antistocchnm

77 1595 152 1680 lappa
179 1608 208 1662 et
233 1597 305 1662 huic
333 1598 455 1683 adjungi
483 1598 603 1663 literam
627 1599 790 1662 formandis
818 1597 961 1684 genitivis
988 1597 1167 1662 destinatam

77 1691 189 1773 νυκτός,
219 1712 254 1764 ut
281 1695 430 1775 ἄνακτος
451 1712 483 1766 ct
502 1696 701 1788 γάλακτος,
716 1723 773 1784 qua
795 1703 832 1766 de
853 1721 887 1764 re
910 1721 985 1784 quae
1008 1700 1040 1764 in
1062 1700 1165 1786 Etym.

77 1802 136 1865 Gul.
159 1801 232 1880 558,
246 1801 319 1868 32.
348 1809 528 1868 nosnatura
562 1798 605 1870 τύ
633 1808 681 1878 εἰς
699 1789 758 1880 ’1ιῖ
777 1800 832 1872 huoi
859 1801 922 1869 τού
952 1826 973 1889 γ
999 1800 1168 1870 κλίνεται-

75 1903 148 1990 ciale
165 1906 226 1972 τού
246 1898 328 1987 νύξ,
349 1906 539 1971 librariorum
560 1907 679 1972 incuria
701 1917 839 1972 truncata
859 1917 950 1981 sunta
989 1905 1090 1970 nativa
1113 1925 1167 1970 no·

75 2009 146 2072 niuis
164 2010 262 2074 forma
286 2009 387 2074 elucet
406 2030 468 2073 non
489 2008 588 2074 solum
610 2031 628 2074 e
649 2010 822 2094 compositis
846 2020 877 2073 et
898 2008 1041 2076 derivatis
1063 2003 1169 2076 αύτο-

77 2109 147 2198 νιιχί,
166 2107 352 2201 ναχααγὴς,
373 2109 489 2202 νύχιος
510 2123 569 2176 etc.
596 2114 650 2178 sel
671 2113 762 2178 etiam
786 2133 828 2178 ex
844 2112 1008 2178 adverbiali
1029 2105 1117 2200 νύχα
1138 2111 1175 2176 io

75 2223 112 2278 est
126 2210 277 2301 νύκτωρ,
303 2211 419 2292 νακτί,
450 2217 526 2300 apud
553 2215 756 2302 llesychinm,
787 2227 819 2280 et
847 2215 1026 2300 paragogico
1053 2205 1169 2304 νύχος,

76 2317 136 2400 puel
156 2317 380 2404 Lexieographi
401 2317 503 2403 graeci
523 2310 598 2399 νύξ,
625 2310 743 2394 σκότος
771 2319 1020 2404 interpretantur.
1065 2315 1169 2383 Nomi·

75 2422 152 2485 nativi
170 2414 250 2510 τρύξ
275 2431 309 2486 et
328 2418 408 2497 στύξ
437 2421 581 2507 leguntur
608 2444 669 2487 non
689 2444 774 2500 raro,
804 2422 955 2508 posterius
976 2421 1093 2507 quidem
1115 2440 1170 2504 pro

74 2524 175 2591 nominc
197 2524 341 2610 propri03
372 2524 551 2617 appellativo
571 2524 634 2611 τῆς
654 2518 788 2615 osopio,
812 2528 849 2593 αἱ
873 2516 1002 2611 στύγος,
1032 2524 1171 2611 Aeschy-

74 2624 111 2689 lus
128 2638 158 2691 et
175 2627 402 2713 Theophrastus
425 2628 473 2693 nsi
494 2638 577 2693 sunt.
622 2621 739 2707 Πτύξ,
766 2619 880 2718 πταχή
901 2629 937 2693 ah
957 2626 1108 2713 Hesychia
1138 2636 1171 2691 et
1201 2626 1204 2633 ’

72 2727 403 2805 cliisGrammaticorum
416 2732 568 2811 refertur-3
592 2730 694 2795 Schol.
705 2732 840 2795 Phoenu.
851 2729 903 2795 84.
918 2754 998 2797 πτο
1007 2754 1095 2821 χας,
1108 2726 1170 2797 icio

73 2834 127 2924 ple
138 2829 202 2904 ύπύ
216 2832 286 2900 τού
297 2828 400 2913 πτύξ,
416 2828 563 2924 πτύχας,
578 2829 640 2901 eois
660 2832 696 2899 tt
720 2829 790 2901 ιῖνιὸ
808 2834 871 2901 τού
884 2824 1008 2923 πταχή,
1025 2823 1169 2924 πταχύς,

71 2935 137 3004 nale
149 2949 218 3007 sunt
230 2934 469 3026 πταχαίΙοιιοι.
486 2937 614 3025 Corcpr.
627 2936 668 3004 N.
683 2934 779 3003 1907.
796 2936 886 3021 Corp.
905 2935 1002 3001 Inscr.
1016 2930 1169 3003 α’ναπτο·

73 3037 118 3127 χαί
136 3050 165 3103 et
183 3037 384 3129 διαπτυχαί,
405 3060 463 3105 nec
474 3039 592 3105 mirum
613 3039 703 3127 hujus
720 3039 858 3105 roceiuli
875 3038 1012 3123 exempla
1028 3038 1170 3123 pleraque

72 3162 127 3207 esse
146 3142 271 3228 pluralis
294 3142 414 3209 numeri
434 3164 467 3207 v.
488 3141 632 3207 Matthiae
651 3143 689 3207 al
712 3141 821 3207 Bacch.
844 3139 898 3208 62.
923 3142 973 3206 cui
993 3141 1051 3206 hcc
1072 3140 1170 3205 solum
1224 3207 1231 3223 ,

72 3247 224 3323 assentior,
255 3237 355 3322 πτύξ.
376 3247 454 3330 apol
479 3246 575 3311 honos
598 3244 777 3311 Graecitatis
799 3255 938 3310 auctores
960 3266 1022 3308 non
1043 3242 1173 3329 reperiri

72 3356 228 3434 umeroque
250 3348 430 3434 Elmslejnm
455 3370 511 3435 pro
530 3338 663 3438 πτύχας
689 3349 766 3432 apud
788 3347 931 3432 Tragicos
957 3348 1065 3432 ubique
1088 3368 1173 3415 πτυ-

72 3445 126 3538 pulc
147 3452 319 3519 iuvenisse.
362 3451 475 3540 Neque
504 3448 589 3540 βρύξ
615 3452 789 3517 munionis
818 3451 881 3515 ullo
903 3451 1022 3527 nititur,
1054 3451 1091 3515 de
1113 3470 1172 3534 quo

74 3552 158 3617 Schol.
181 3553 239 3621 Oh.
262 3556 313 3624 Ε..
341 3549 418 3620 319.
444 3550 484 3621 τύ
510 3551 695 3644 ύπύβραχα
709 3556 787 3622 ἐἴτε
816 3551 991 3643 ἐπίῤῥημα
1013 3554 1081 3619 ei'ce
1101 3548 1172 3620 α’πύ

72 3654 125 3721 τού
141 3649 235 3744 βρύξ,
262 3651 575 3746 προπαροξύνεται,
597 3658 675 3742 quod
697 3666 843 3741 se'quutus
866 3657 1014 3741 Oppianus
1036 3660 1070 3729 ἐς
1090 3649 1174 3723 νού-

74 3782 126 3844 τηκ
150 3754 262 3850 βρύχα
290 3760 386 3837 tiata
405 3762 475 3827 sch
504 3760 673 3827 8ο1ισΙ.11.
698 3760 724 3823 1.
747 3758 822 3823 461.
853 3758 1000 3849 δίπτυχα
1022 3756 1066 3833 cic
1086 3752 1174 3825 ύτιό-

73 3862 179 3953 βσαχα.
228 3864 313 3931 11σιιι
341 3886 410 3929 esse
440 3865 580 3939 riletm,
610 3862 688 3946 quod
718 3863 794 3945 apud
818 3860 1000 3947 Hesychium
1029 3862 1172 3947 legimus,

75 3960 133 4042 aaa
151 3959 281 4055 βύθσς.
323 3966 409 4033 tint
429 3968 570 4033 mannus
591 3976 639 4031 est
660 3966 793 4051 ejusdem
814 3955 889 4041 Λύξ
909 3963 1045 4053 λύτρον,
1070 3975 1103 4029 et
1122 3986 1174 4029 ac·

75 4073 212 4138 msahrns
239 4066 307 4158 τήν
332 4070 429 4158 stipo
455 4070 584 4137 Aristeu.
614 4069 780 4156 Physiogu.
803 4068 856 4133 Vl.
887 4066 962 4134 819.
994 4068 1026 4133 1.
1055 4068 1086 4133 iu
1115 4086 1174 4152 quo

77 4172 179 4239 calices
208 4190 317 4242 omnes
343 4175 538 4245 consentiunt
562 4184 596 4242 et
622 4172 763 4258 congruit
790 4166 987 4261 compositum
1007 4165 1174 4245 λισπόπαξ
1287 4232 1288 4235 ,
