2792 4725
303 289 362 356 nn
390 288 583 356 auteur.
611 256 960 359 insomnem.
991 294 1020 379 p.
1042 291 1075 361 7.
1163 296 1260 367 ω..

126 466 265 539 δόνιιον
288 468 388 555 potins
414 491 502 555 qnam
522 471 560 536 ab
589 469 724 535 obsoleto
746 466 850 545 δόνος
876 472 1070 557 compositum
1092 484 1150 541 est.
1194 476 1235 543 Et

127 596 204 659 quae
226 595 294 638 oum
315 569 383 636 aliis
404 572 550 637 orationis
571 573 716 657 partibus,
740 574 776 635 ab
799 572 854 635 hoe
876 562 958 638 ilexn
980 596 1041 639 non
1057 576 1155 641 aliena
1166 602 1233 665 μοι·
1290 636 1292 640 .

125 677 284 762 κρόκειος,
303 670 458 758 εόέρειος,
480 672 660 761 (imputetur,
682 666 876 759 οἷκριόρειος,
894 676 1113 763 κοκοδὲρειος
1130 680 1232 746 Sohol.

126 779 164 843 ad
186 777 309 841 Hesiod.
333 775 471 839 Prooem.
503 798 532 860 p.
557 775 588 839 5.
613 776 701 839 etad
724 776 797 861 0pp.
821 775 896 841 638.
919 778 1111 865 ,ιοοοὲρκειος
1134 780 1233 845 Sohol.

128 880 208 945 Veu.
231 875 383 947 itast.
407 899 533 961 qnorum
555 877 696 961 pleraque
718 877 847 961 speeiem
867 880 1008 965 adjectivi
1028 881 1172 966 simplicis
1185 902 1235 947 re·

128 984 242 1047 ferunt
275 979 391 1064 ,Neque
404 982 443 1070 ⁴id
464 979 551 1065 hujus
574 980 794 1061 terminationis
816 982 966 1066 proprium
989 994 1048 1059 est,
1063 986 1115 1048 sed
1129 986 1235 1049 admit·

127 1086 204 1149 titur
220 1082 343 1166 saepius
370 1083 478 1166 partim
508 1082 736 1165 distinguendae
769 1083 997 1167 significationis
1019 1104 1126 1160 eausa,
1156 1086 1236 1151 sient

128 1183 310 1274 φιλοίκειος
344 1186 391 1265 (ν.
414 1184 536 1251 Jacobs.
565 1185 603 1247 ad
623 1183 742 1267 Aelian.
770 1206 799 1269 p.
826 1183 913 1267 174.)
940 1186 1066 1251 multum
1095 1186 1185 1251 distat
1216 1208 1236 1253 a

128 1287 294 1378 φίλοινος,
317 1285 574 1374 patottamor22)
595 1308 614 1351 a
634 1281 816 1371 φιλόδικος,
835 1282 1010 1375 ἐλλόγιμοι·
1024 1289 1059 1352 ab
1077 1290 1233 1377 'ditoyon
1357 1302 1361 1325 '

128 1414 186 1457 neo
207 1386 460 1481 χροοοφόοννος
482 1390 568 1474 piane
589 1389 667 1456 idom
689 1390 766 1473 φοοδ
788 1384 994 1479 χροοοφοής,
1017 1391 1124 1475 partim
1145 1392 1241 1485 etiam

128 1493 212 1564 nulla
233 1493 401 1577 hujusmodi
422 1491 553 1567 ratione,
578 1486 837 1580 χροοοκόκκινος
853 1490 978 1579 Niceph.
1004 1492 1131 1577 Gregor.
1154 1492 1233 1559 Hist.

128 1593 400 1672 vt.x2,103.tt.
426 1595 502 1678 φοοδ
531 1594 558 1657 si
584 1604 706 1679 propter
736 1594 872 1659 neutrius
902 1589 939 1659 οδ
965 1588 1121 1662 κόκκινον
1149 1615 1236 1659 nsum

128 1708 313 1771 excusatur,
337 1705 500 1779 supersunt
520 1694 578 1759 alia
599 1692 807 1780 τριμίτινος,
834 1695 1097 1785 δοςχειιοέρινος,
1120 1690 1236 1764 εἶπον-

128 1799 305 1887 θρόπινος
325 1798 444 1883 Dialog.
469 1797 622 1882 Hermipp.
647 1800 684 1861 de
701 1797 815 1863 Astrol.
831 1798 868 1861 lla
886 1797 919 1874 6,
934 1797 988 1863 38.
1011 1794 1235 1889 χροσελοφόν-

129 1904 280 1985 κινοςᾈ),
301 1898 540 1987 (insuperatos,
562 1896 760 1986 όμεονοῑος,
782 1894 956 1987 ridderman,
979 1896 1149 1987 oiuot'ptor,
1172 1894 1237 1969 oini-

128 2029 212 2094 ριος,
234 1996 424 2096 (putiphar,
447 1995 721 2088 pudentissimos,
742 2000 1005 2090 paspeouiotioroc,
1020 1999 1236 2091 ποδοόλβιος,

129 2106 346 2196 πολοδίψιος,
368 2108 422 2173 sed
435 2102 641 2194 πολοόλβιος
660 2105 694 2169 in
711 2106 912 2192 suspicionem
933 2107 1030 2183 venit,
1044 2116 1123 2171 utet
1138 2102 1237 2196 όχρή-

131 2216 294 2298 oluff),
313 2202 572 2297 φοινικορόδιος,
593 2207 820 2297 βαδοκοέδιος,
844 2210 921 2292 φοοδ
942 2209 968 2275 si
991 2231 1057 2274 unm
1073 2210 1183 2296 ueteris
1199 2212 1236 2275 ab

130 2314 189 2379 hoo
209 2324 311 2400 etymo
332 2312 503 2398 cumpositis
525 2312 745 2388 contendimus,
777 2311 851 2376 nihil
872 2312 1066 2376 adversamur
1087 2312 1237 2380 Boenlrhio

131 2417 171 2482 ad
191 2417 277 2480 Piud.
304 2415 392 2482 Nem.
414 2415 466 2478 111.
492 2413 545 2478 17.
572 2415 603 2478 id
626 2426 732 2478 cotnra
753 2415 922 2498 analogiam
952 2415 1099 2478 sermonis
1127 2415 1238 2480 forma·

131 2531 195 2584 tum
217 2540 298 2594 esse,
321 2521 374 2582 sed
396 2539 466 2582 num
488 2538 506 2580 a
526 2513 727 2604 βοθόιιεδος
749 2516 907 2604 propagari
932 2525 1061 2600 nequeat
1079 2516 1238 2603 βοθοπέ·

130 2616 436 2708 διοςοδοξθὲομιος,
456 2615 666 2706 όλιρρόθιος,
679 2618 924 2706 ’φογοδόμνιος,
941 2613 1152 2707 ψευδόρκιοι,
1173 2646 1238 2708 με·
1282 2658 1285 2666 1

58 2748 70 2753 ·
132 2719 331 2809 σοπλοόριος
356 2722 456 2786 Sohul.
488 2723 521 2785 iu
542 2722 681 2807 Hippoor.
706 2744 736 2807 p.
761 2721 835 2786 105.
860 2721 977 2804 aliaque
1000 2741 1076 2804 qnae
1098 2723 1237 2786 snbstan-
1364 2782 1365 2794 ,

11 2854 15 2867 ·
130 2827 204 2891 tivis
229 2827 262 2889 in
283 2812 346 2892 ιον
358 2826 498 2909 adjuncta
510 2835 593 2903 snut,
617 2835 650 2888 et
664 2847 719 2888 our
731 2821 985 2914 βροχοχρόνιος,
1003 2821 1236 2912 πολυχρόνιος,
1359 2864 1363 2877 ·

129 2927 357 3014 praevaluerint
376 2927 564 3008 brevioribus
584 2927 701 2991 altioris
723 2938 771 2990 est
793 2925 987 3011 quaestionis.
1024 2926 1079 2990 Hie
1095 2925 1170 2990 nihil
1188 2927 1238 2990 ad-

131 3033 200 3096 dam
221 3041 344 3115 praeter
371 3049 447 3113 qnae
478 3029 626 3112 prioribus
648 3031 789 3114 adjnueta
813 3017 888 3096 'sunt
909 3049 1075 3115 paragogae
1096 3047 1238 3111 superva-

132 3154 244 3198 caneae
266 3131 422 3216 exemplar
445 3128 702 3219 ποραμόνιμος,
723 3124 996 3220 ποραφρόνιμος,
1012 3122 1239 3217 ποοιφόριμος

201 3422 248 3497 22)
264 3421 303 3472 De
320 3415 498 3493 όρθοδίκοιοι
514 3418 607 3475 Aeson.
627 3419 703 3478 Eum.
724 3417 787 3472 994.
812 3417 902 3485 quaeri
914 3424 1008 3485 potesta
1028 3418 1191 3487 synthesisno
1204 3421 1241 3472 sit

133 3515 166 3561 nt
182 3503 328 3580 όφθοδίκηι
344 3522 377 3557 au
394 3506 539 3572 parathesis
564 3513 596 3556 nt
614 3505 738 3556 adverbia
758 3497 849 3574 ὀρθῶς
868 3509 914 3557 καὶ
934 3502 1044 3558 δικαίως
1067 3503 1188 3556 Aesetiu.
1213 3521 1237 3556 o.

134 3593 209 3647 Ctes«
225 3612 251 3661 p.
270 3594 331 3648 479.
348 3587 538 3659 ‘Ynopdduatos
561 3608 611 3642 nou
640 3591 738 3642 dieitur
757 3591 810 3642 sed·
822 3585 966 3660 όπδρδικοο
981 3589 1077 3657 duplici
1094 3591 1238 3653 intellectu,

132 3675 337 3751 δκριβοδίκαιοι
356 3685 447 3729 eontra
465 3685 493 3730 at
511 3671 691 3756 οἶκροδίκαιοο.

154 3799 158 3809 “
203 3797 250 3867 ts)
266 3797 305 3850 De
322 3787 554 3868 λιοκοδεφοίιτινοοι
573 3797 684 3866 Hesyoh.
710 3793 854 3850 dubitatur.
894 3793 1105 3868 Λιθοργόρινοο
1122 3803 1150 3848 et
1168 3789 1242 3867 όριι-

92 3959 97 3972 .
133 3879 259 3953 φόδκινοι
276 3887 327 3937 Ιιοο
344 3885 445 3936 omnino
466 3900 515 3936 uon
530 3878 674 3951 pertinent.

203 4004 250 4072 tt)
268 4005 397 4072 Theophr.
418 3977 495 4056 Caius.
511 4001 556 4057 vl.
572 4001 614 4055 19.
631 4001 700 4070 (18.)
716 4003 741 4055 3.
761 3979 872 4054 Urbinas
889 3995 919 4055 οὖ
935 3997 1065 4073 χρήσιμος
1084 4003 1240 4070 suppeditat.

135 4089 177 4142 Ex
193 4092 285 4156 regula
295 4099 458 4158 oppounutnr
472 4091 522 4140 sihi
535 4080 644 4140 iuvioern
656 4085 827 4156 χρήσιμον·
839 4083 945 4157 οἶχρεῒοι
958 4085 1029 4138 Stob.
1044 4087 1115 4140 Flor.
1124 4088 1240 4142 xcvttt.

112 4235 125 4253 Χ
136 4177 180 4230 33.
199 4192 226 4244 p.
245 4177 306 4239 52⁶,
325 4177 369 4236 32.
388 4166 827 4247 χιομφδιόδηι-τ-δχιιομόδηοοι
843 4172 948 4226 Rhetor.
970 4171 1063 4226 Gnaeo.
1082 4171 1113 4228 Τ.
1122 4173 1165 4228 111.
1181 4177 1240 4228 stt.
