2792 4725
156 346 159 353 ’
229 328 280 397 Μ
604 318 922 391 ntssutttatto
948 320 975 389 Ι.

229 507 313 575 urbis
335 496 547 592 Σολάγοργορ
567 450 670 587 Stcpb.
688 522 716 569 a.
731 497 869 589 Ἡραία,
899 513 933 567 et
957 502 993 568 in
1014 503 1108 569 verbo
1128 495 1319 591 o’plololopats

229 609 343 675 Anecd.
358 606 454 673 ucat.
469 604 525 683 56,
541 605 575 675 2.
599 604 725 691 Ypsilon
745 615 806 683 ter,
828 626 887 671 nac
903 606 1043 692 amplius,
1066 608 1099 673 in
1109 601 1319 697 γλυκύθυμος.

739 776 768 861 s.
793 774 825 841 7.

314 912 472 1002 Expositis
495 922 633 979 veterum
657 912 694 977 de
716 912 868 978 vocalium
888 912 1098 1001 repugnantiis
1115 909 1318 999 praeceptisad

230 1038 430 1089 consonarum
457 1014 649 1101 asyntaxiam
676 1016 951 1101 transgrediemur,
983 1036 1072 1101 qnam
1099 1014 1217 1081 nominc
1245 1024 1318 1077 tcum

230 1122 398 1206 attigerunt
417 1116 580 1202 artigraphi
601 1116 782 1181 Buttmanno
802 1117 987 1203 antiquiores
1008 1138 1046 1183 co
1066 1120 1146 1195 loco,
1168 1138 1224 1201 quo
1242 1134 1318 1198 crpo-

230 1234 307 1291 uunt
336 1224 372 1285 de
398 1220 563 1287 mutatione
591 1220 761 1283 literarum.
807 1219 890 1286 llanc
920 1220 1001 1285 enim
1023 1220 1190 1307 bipartitam
1210 1217 1318 1291 iaciunt,
1372 1249 1373 1256 ο

230 1335 373 1412 respectu
384 1324 599 1399 connectionis,
622 1332 654 1386 et
667 1331 811 1406 respectu
829 1323 1044 1399 deiolectorton,
1068 1325 1122 1389 scd
1136 1324 1173 1389 de
1186 1322 1237 1393 illa
1248 1328 1319 1403 parto

180 1456 182 1461 ·
230 1451 292 1495 non
314 1426 522 1513 plnsltradnnt
550 1446 636 1508 qnam
659 1425 695 1488 ad
718 1444 806 1488 usum
824 1426 959 1509 pertinet
979 1425 1202 1491 scholasticum.
1242 1420 1319 1485 Vete-

136 1554 141 1561 ·
229 1553 280 1599 res
301 1542 401 1595 nutem
424 1527 629 1601 Grammatici‚
653 1537 687 1591 nt
706 1523 740 1589 in
760 1526 897 1591 omnibus
922 1528 1122 1613 etymologiae
1141 1526 1319 1613 partibusac·

188 1642 190 1647 '
230 1632 418 1701 curatissimc
439 1630 554 1694 versati
575 1638 664 1704 suot,
695 1628 739 1692 ita
760 1628 840 1694 bunc
861 1651 977 1713 quoquc
998 1630 1097 1695 locum
1118 1630 1195 1695 baud
1215 1630 1321 1693 inorna-

229 1746 292 1801 tum
313 1732 552 1821 praetermisisse
569 1718 724 1817 apparent.
768 1730 903 1814 Namque
916 1733 1089 1798 Democrito
1103 1734 1149 1798 illi
1161 1730 1321 1819 perantiquo

229 1850 262 1904 et
282 1835 461 1923 percelebri,
485 1832 569 1920 cujus
592 1832 805 1898 Onomasticon
820 1833 929 1899 Pollux
949 1837 1168 1923 praedicat²⁷)‚
1193 1836 1266 1899 liber
1282 1832 1322 1895 iu·

228 1940 357 2025 scriptus
379 1939 436 2003 luit
456 1936 534 2023 περὶ
559 1930 723 2023 εὐφώνων
744 1936 800 2003 καὶ
817 1934 1003 2024 δνςφάνων
1015 1935 1230 2026 γραμμάτων
1244 1935 1320 2015 lliog.

227 2041 354 2109 1le.
377 2039 434 2106 48.
456 2040 593 2124 idemque
614 2049 823 2122 argumentum
845 2049 993 2105 tractasse
1013 2037 1323 2106 nactur-Aristonicus

227 2145 260 2211 ln
282 2144 365 2209 libris
385 2138 608 2210 οἶουντάκτων
629 2136 812 2227 ὀνομάτων
833 2138 919 2207 Suid.
944 2144 988 2219 (in
1013 2163 1071 2226 quo
1094 2164 1207 2227 sequor
1217 2135 1324 2204 chrsi

226 2246 498 2331 interpunctionem
529 2244 565 2307 de
594 2242 763 2308 Aristarcb.
786 2266 816 2328 p.
831 2242 882 2331 3.)
922 2244 1041 2309 Etenim
1062 2240 1249 2323 άοννταξία
1272 2260 1325 2305 nou

227 2347 325 2416 solum
348 2345 580 2413 constructionis
608 2345 887 2432 inconsequentiam
908 2347 1059 2433 sigoilicat
1078 2349 1131 2414 scd
1156 2348 1246 2415 etiam
1266 2343 1325 2408 lite·

227 2471 342 2529 rarum,
365 2463 400 2515 ut
420 2451 447 2514 si
468 2449 627 2539 νέννχθο,
647 2449 805 2539 τέτνχθε,
823 2450 945 2515 literam
966 2451 1126 2536 aspiratam
1148 2450 1264 2535 accepit
1278 2466 1326 2533 pro

229 2554 327 2632 moui,
349 2555 379 2618 id
400 2549 442 2620 δι’
463 2549 670 2629 courcelles
682 2554 794 2617 factum
807 2551 917 2616 dicitnr
931 2552 1078 2618 Tbeodos.
1097 2553 1175 2618 Gan.
1189 2576 1220 2640 p.
1237 2549 1328 2624 1618,

227 2653 280 2720 16.
311 2655 456 2720 Similiter
475 2655 567 2720 Orion
589 2677 619 2740 p.
640 2653 696 2732 28,
719 2654 752 2719 6.
777 2651 893 2735 occido,
924 2655 1104 2736 σκνζοίνω,
1127 2658 1186 2724 sol
1210 2653 1329 2742 ἐνάέοω

224 2757 290 2826 soti
311 2744 354 2844 ’μ-
372 2753 575 2843 οκνζμωίνω,
602 2757 659 2824 aot
689 2759 801 2849 τροπῇ
826 2759 889 2825 τοῦ
914 2743 1016 2838 {dcci
1037 2757 1104 2846 τήν
1123 2755 1329 2836 άοννταξίαν

226 2857 422 2947 οννδμαίνω
445 2860 504 2945 (sio
525 2860 585 2924 ista
605 2859 733 2944 legenda
753 2863 838 2946 sunt)
870 2863 911 2925 cf.
933 2862 1034 2946 Etym.
1057 2862 1099 2927 M.
1124 2885 1153 2948 p.
1175 2862 1254 2937 314,
1278 2857 1326 2922 10.

229 2965 306 3042 401,
337 2963 373 3030 6.·
405 2963 481 3040 686,
509 2961 563 3029 22.
595 2983 666 3046 quas
689 2983 739 3026 res
768 2961 908 3027 credibile
933 2974 980 3027 est
1002 2964 1035 3027 in
1057 2964 1222 3030 Herodiani
1254 2983 1329 3028 com·

228 3069 376 3134 nectario
410 3066 487 3154 περὶ
517 3062 705 3143 συντάξεως
739 3063 913 3156 στοιχείων
945 3064 992 3150 (v.
1023 3065 1147 3152 Parerg.
1178 3091 1209 3153 p.
1240 3065 1329 3145 484.)

224 3170 374 3236 uberrime
396 3181 539 3236 tractatas
561 3189 641 3234 esse.
693 3167 806 3232 Nostra
826 3178 925 3232 autem
945 3169 1088 3232 memoria
1111 3169 1185 3234 baec
1207 3170 1331 3253 diligen·

225 3271 286 3337 tius
306 3282 505 3356 persequutus
527 3281 574 3336 est
594 3269 766 3335 Fridericus
788 3269 930 3334 Scbnltac
950 3270 983 3334 in
1003 3271 1112 3334 tabulis
1133 3272 1250 3336 Lexico
1263 3272 1332 3334 Pas·

223 3375 348 3439 soviano
370 3374 426 3438 Ed.
449 3371 501 3437 lll.
526 3372 680 3458 subjectis,
708 3391 781 3456 quas
803 3372 958 3458 inscripsit
977 3374 1015 3437 dc
1037 3375 1240 3439 cumulatione
1262 3395 1332 3437 con·

223 3477 405 3541 sonantium.
453 3475 624 3560 Quanquam
654 3495 692 3538 nc
714 3474 762 3539 bic
784 3477 901 3559 quidem
922 3476 989 3561 plns
1010 3476 1193 3560 propositum
1216 3477 1330 3551 babuit,

223 3600 309 3664 quam
333 3591 366 3644 ut
388 3577 598 3643 enumerandis
626 3597 701 3661 quac
731 3578 873 3664 conjungi
893 3573 1020 3663 possunt
1041 3580 1183 3644 consonis
1205 3579 1333 3643 manile·

221 3691 301 3746 stum
322 3680 449 3758 laceret,
482 3701 557 3764 quae
579 3700 730 3764 nunquam
752 3682 929 3766 conjunctae
951 3681 1026 3758 sint,
1056 3703 1118 3746 non
1139 3681 1225 3758 item,
1257 3699 1333 3764 quac

221 3801 292 3847 raro
314 3795 433 3860 coeant,
456 3803 553 3868 neque
568 3782 677 3868 magis,
700 3803 776 3866 quac
789 3784 862 3847 duas
874 3782 1007 3870 syllabas
1021 3785 1162 3870 deinceps
1174 3783 1331 3848 incboent.

222 3930 431 3954 *4-

288 4038 334 4107 27)
351 4039 416 4092 Ηίοο
439 4037 552 4093 fortusse
574 4046 660 4092 sumta
683 4046 725 4090 cst
747 4039 794 4091 illa
817 4040 925 4092 nominis
947 4041 1119 4110 Τριτογένεια
1136 4040 1332 4109 interpretatio,

219 4124 251 4178 de
270 4140 321 4193 qua
338 4125 393 4177 dixi
411 4127 437 4178 in
454 4126 580 4194 Aglaopb.
599 4125 619 4178 l.
641 4122 698 4179 157.
725 4133 752 4178 et
775 4141 842 4193 quae
859 4127 890 4179 de
906 4126 1077 4179 declinatione
1093 4127 1223 4182 nominum
1239 4127 1334 4180 litera-

218 4227 275 4264 rum
291 4211 341 4267 coi
358 4207 485 4270 tottam
499 4217 543 4268 sal
560 4207 684 4284 deiceret
701 4221 845 4266 narmttn
859 4215 886 4266 iu
902 4213 999 4268 Anect.
1017 4228 1042 4281 p.
1060 4211 1121 4268 781.

1152 4386 1173 4478 t
