2792 4725
174 323 226 389 ut:
240 319 375 389 NOMlN.
390 320 546 387 dumet.
563 320 615 388 ΕΤ
628 318 758 387 SUBST.
775 318 866 389 GSN.
882 319 1015 388 AMBlG.
1031 322 1060 405 5.
1074 322 1107 389 2.
1153 320 1224 390 358

117 502 192 569 317.
215 502 251 568 C.
276 501 382 567 Galen.
403 501 479 587 Eup.
501 500 540 567 11.
564 500 603 577 3,
627 498 704 565 393.
728 512 787 566 ete.
803 501 851 585 ²³)
890 501 962 565 Post
983 510 1028 564 tot
1047 510 1147 565 autem
1169 522 1224 565 ex·

117 605 213 690 empla
230 604 296 689 quis
315 605 504 671 cunctabitur
521 622 631 669 nomen
649 603 767 669 arhoris
781 602 908 691 κρανία
921 612 1061 689 repetere
1077 603 1222 684 airuetu,

116 708 167 793 qui
188 698 312 794 κραίνος
333 710 482 772 vocaturt
512 707 591 771 unde
612 716 716 784 recta,
743 718 778 774 nt
799 705 927 797 dieitur,
953 705 1006 770 via
1025 704 1224 789 proficiscitur

114 810 294 897 adjectivum
317 801 489 896 κροίναος,
524 809 609 895 enjus
633 809 812 875 femininum
835 828 977 873 corneam
1003 806 1069 873 sive
1093 807 1222 875 cornife-

114 934 179 979 ram
200 912 392 997 significans,
421 913 449 977 si
468 933 523 997 pro
544 912 733 978 substantivo
755 897 863 987 valet,
888 900 974 975 modo
998 908 1123 997 κρανία
1147 910 1222 975 seri-

114 1015 195 1081 hitur
217 1014 331 1101 Geopp.
354 1014 398 1079 X.
421 1012 483 1093 87,
507 1013 541 1079 4.
573 1016 679 1093 modo,
712 1026 748 1081 ut
773 1014 830 1079 hoc
855 1010 922 1077 loco
950 1012 1034 1077 codd.
1065 1011 1221 1090 exhibent,

113 1114 236 1204 κρανία
258 1117 400 1203 Hippocr.
416 1116 528 1183 Mochl.
552 1140 582 1202 p.
600 1116 674 1183 306.
697 1116 734 1181 Τ.
752 1115 804 1181 111.
830 1116 938 1181 Galen.
963 1116 999 1179 de
1019 1114 1122 1199 Comp.
1139 1116 1218 1181 Med.

113 1241 143 1304 p.
172 1220 263 1284 Loco.
287 1218 340 1283 Vl.
366 1218 405 1297 4,
433 1218 508 1285 921.
539 1219 575 1284 Τ.
601 1218 672 1285 Xll.
703 1220 740 1285 de
762 1219 866 1305 Temp.
891 1219 972 1284 Med.
1000 1216 1052 1281 lV.
1081 1216 1120 1293 8,
1143 1214 1218 1283 848.

113 1322 149 1385 Τ.
166 1320 223 1385 XI.
248 1322 284 1385 de
305 1320 408 1407 Simpl.
426 1322 506 1389 Med.
524 1320 589 1388 Vll.
607 1321 662 1387 46.
681 1344 710 1407 p.
729 1322 783 1386 41.
808 1323 892 1388 Paul.
911 1321 988 1405 Aeg.
1006 1317 1072 1384 Vll.
1091 1317 1123 1383 3.
1142 1316 1218 1385 342.

113 1424 250 1489 Dioscor.
269 1424 343 1487 Mat.
363 1423 388 1487 l.
410 1423 484 1491 172.
508 1436 543 1489 nt
562 1423 704 1512 καρατία
726 1436 758 1489 et
777 1422 930 1512 κερατία,
950 1419 1103 1490 eudocia
1124 1423 1221 1503 (coto-
1329 1422 1333 1429 '

113 1525 184 1613 nea)
207 1536 237 1591 et
256 1524 476 1609 antonian),
499 1526 586 1591 modo
609 1526 699 1591 etiam
717 1528 971 1593 substantivorum
993 1536 1148 1589 accentum
1170 1545 1220 1589 ao·

113 1628 196 1713 cipit,
218 1620 356 1715 κροίνεια
375 1621 681 1717 προπαροξυτόνως
702 1626 742 1697 τὸ
763 1622 873 1715 φυτόν
892 1627 992 1692 Schol.
1008 1626 1062 1691 0d.
1078 1628 1125 1693 K.
1138 1625 1216 1693 242.

113 1750 170 1815 qno
199 1742 327 1797 accentu
355 1743 403 1797 est
431 1733 508 1817 apud
535 1732 715 1807 Homerum,
743 1730 980 1818 Theophrastum
1009 1740 1042 1793 et
1068 1727 1147 1793 Plnt.
1177 1728 1215 1793 V.

113 1833 198 1897 Rom.
217 1855 244 1896 e.
256 1833 331 1897 XX.
350 1836 401 1899 uhi
417 1834 594 1899 Schaeferns
611 1854 767 1919 perperam
782 1844 1004 1920 paroxytonum
1019 1833 1215 1917 praelert25).

113 1934 150 1999 Si
163 1956 238 1999 vero
257 1934 342 1999 hasta
359 1935 547 2021 significatur
564 1954 687 2013 cornea,
710 1934 785 2001 nihil
801 1937 943 2011 interest,
963 1945 1062 1999 utrum
1079 1926 1219 2021 xpciceto

111 2036 260 2101 scribatur
276 2038 475 2123 metonymice
496 2049 530 2103 nt
549 2035 664 2125 μελίη,
686 2059 727 2102 en
747 2036 898 2125 κραναία,
920 2058 1044 2123 quorum
1066 2036 1149 2121 prius
1171 2047 1218 2102 est

112 2139 146 2202 in
166 2138 285 2225 Anytae
311 2151 342 2204 et
361 2140 465 2205 Niciae
487 2140 732 2225 Epigrammatis,
762 2141 890 2206 alterum
915 2138 991 2225 apud
1014 2136 1125 2201 Snidan
1149 2139 1216 2203 vul·

111 2252 219 2325 guture
257 2239 396 2329 κρανεία
417 2238 455 2310 τό
477 2246 512 2309 ἐκ
534 2240 690 2329 κρανείας
710 2233 803 2330 δόρυ.
845 2241 1013 2331 Hesychius
1037 2234 1146 2327 κοίρνα
1170 2241 1216 2304 in·

111 2350 295 2428 terpretatur
321 2343 443 2432 κρανία
475 2345 541 2410 sive
570 2340 711 2432 κροίνια,
750 2366 791 2411 ex
820 2368 880 2431 quo
901 2352 1032 2432 apparet
1061 2343 1217 2409 nominum

110 2467 243 2522 οονοας,
266 2468 383 2526 como,
406 2447 520 2535 κέρας,
541 2441 704 2534 κραναιίς,
718 2438 883 2534 eugunio,
905 2469 963 2533 qua
980 2444 1122 2536 κρανίον
1143 2467 1215 2532 quo-

110 2568 168 2630 que
200 2559 231 2612 et
262 2547 370 2614 localia
400 2548 526 2638 Κρίνη
556 2550 623 2616 sive
654 2547 789 2636 Κρανίς
819 2547 1019 2636 (lheophr.),
1050 2544 1214 2637 Κραίναν,

109 2648 301 2739 Κραίναιον,
331 2646 493 2739 Κροίνιοι,
523 2653 582 2718 nisi
606 2652 708 2717 dorica
733 2652 960 2729 intercurrunt,
993 2652 1143 2718 contineri
1167 2653 1214 2719 vi-

109 2752 229 2816 dentur.
276 2755 333 2820 Sed
358 2765 459 2820 cetere
482 2764 614 2819 mutatae
639 2775 705 2818 eum
729 2753 948 2839 significatione
971 2756 1084 2819 formae
1109 2775 1212 2819 exem·

107 2852 156 2937 ple
179 2856 359 2920 commodius
380 2865 443 2920 tum
464 2855 609 2920 reddituri
630 2856 784 2933 videmur,
814 2856 864 2920 uhi
889 2856 926 2921 de
946 2867 1089 2935 accentus
1112 2857 1213 2920 mahi-

107 2955 209 3019 hasmo
234 2957 468 3036 absolverimus,
500 2959 585 3044 eujus
609 2957 722 3022 mentio
742 2959 805 3043 jam
829 2959 861 3022 in
885 2957 1031 3043 proximis
1054 2956 1212 3043 aliquoties

109 3055 221 3141 injecta
242 3069 299 3123 est.

107 3189 319 3202 *-

176 3255 222 3319 23)
243 3217 355 3309 Perrara
375 3265 437 3309 sunt
458 3259 560 3312 nomina
582 3260 609 3310 in
626 3255 657 3328 ἦ,
681 3272 748 3324 quae
770 3273 851 3324 neque
874 3258 966 3324 pellem
988 3202 1071 3322 ogque
1092 3253 1210 3306 arborem

107 3341 267 3404 significant,
293 3349 323 3393 ut
338 3338 452 3413 κερδαλῆ
468 3345 573 3411 vulpes,
598 3341 676 3413 α’χανῆ
691 3339 708 3411 ἡ
724 3343 838 3413 τραχεῖαι
853 3343 948 3394 Amet.
967 3358 991 3408 p.
1013 3342 1077 3401 112,
1097 3343 1122 3394 1.

173 3427 219 3493 24)
236 3423 269 3478 V.
288 3425 385 3478 Niclus.
405 3429 437 3478 ad
455 3428 549 3498 Goopp.
568 3427 613 3481 IV.
635 3428 665 3490 1,
685 3429 727 3484 12.
751 3430 852 3494 Συκέα,
871 3424 957 3495 ppido
975 3427 1031 3478 sive
1048 3422 1133 3493 μηίιαῖ
1151 3440 1208 3478 sue·

106 3513 165 3580 pius
183 3513 210 3563 in
226 3513 297 3564 codd.
316 3521 343 3564 et
360 3513 387 3564 in
402 3515 500 3566 novitia
515 3514 663 3568 Graecitute
676 3513 772 3566 Athen.
787 3513 830 3566 111.
847 3514 891 3570 82.
907 3512 937 3564 C.
957 3512 1047 3565 Certis
1061 3513 1094 3563 nd
1106 3511 1206 3564 Heliod.
1258 3522 1260 3526 ’

106 3615 132 3664 p·
146 3599 207 3655 294.
233 3597 359 3650 Similiter
369 3594 460 3670 Ἀγίας
476 3609 503 3652 et
513 3597 601 3668 Ἀγίας
618 3617 644 3653 v.
658 3599 896 3665 Schweighaeuser.
914 3599 947 3649 ad
961 3598 1056 3650 Athen.
1071 3596 1102 3648 Τ.
1116 3596 1148 3650 11.
1162 3598 1205 3648 85.

105 3686 235 3738 Maecius
250 3691 277 3735 et
290 3689 416 3740 Μνασέας
434 3687 467 3737 td
480 3685 569 3756 Polyb.
583 3685 666 3740 XVII.
683 3687 726 3748 14,
740 3687 766 3740 3.
786 3689 895 3739 Φανίας
909 3690 938 3734 et
953 3686 1058 3738 Φανίας
1073 3700 1100 3734 v.
1114 3683 1204 3735 Ehert.

105 3767 216 3820 Dissert.
242 3768 294 3820 Sic.
319 3785 344 3836 p.
366 3769 408 3823 78.
432 3771 542 3826 Πασέας
558 3771 625 3825 Plut.
645 3770 680 3824 V.
704 3773 779 3824 Arat-
798 3770 830 3823 11.
855 3777 887 3821 nt
907 3766 1046 3834 Kallias,
1069 3771 1206 3838 Χαβρίας,

104 3856 209 3908 Νικίας
225 3854 251 3904 in
268 3854 396 3920 lapidibus
414 3855 512 3918 atticis,
531 3864 559 3908 et
575 3859 677 3927 saepius
690 3860 798 3914 Πασίας
815 3863 846 3908 ut
859 3857 988 3924 Κτησίας,
1004 3858 1117 3920 Λυσίας,
1130 3848 1205 3925 Ἐρο-

102 3938 163 4000 ξίος
180 3933 340 4016 (οῑίΕρνξςς
358 3947 388 3991 ut
399 3930 489 4009 Ἄγις).

171 4024 217 4087 25)
240 4027 373 4094 Κρανείου
395 4021 508 4093 θάμνος
529 4025 611 4080 Nono.
635 4027 724 4081 XXX.
748 4029 810 4087 228.
841 4036 869 4081 et
890 4027 1050 4097 Hamadryas
1072 4021 1206 4093 moetos

103 4109 197 4162 Athen.
216 4109 259 4162 111.
280 4108 328 4163 78.
344 4111 395 4162 nisi
415 4113 477 4163 haee
497 4114 583 4181 potius
601 4107 726 4182 Κραίνςςα
743 4123 836 4168 vocatu
852 4122 910 4174 est;
936 4110 984 4181 τῆς
997 4114 1122 4179 κρανείας
1137 4111 1202 4162 Eur·

103 4195 269 4260 Praetaui.
283 4195 330 4250 xl.
346 4195 424 4250 Pana.
440 4197 481 4252 lll.
497 4201 539 4287 13,
554 4200 581 4255 3.
599 4199 665 4252 Ρο11.
677 4198 710 4252 V.
726 4202 770 4259 29.
789 4198 823 4256 οἶ
833 4195 958 4267 κράνειαι
971 4198 1051 4266 0rph.
1063 4198 1126 4262 Arg.
1140 4195 1200 4252 913.
