<?xml version="1.0" encoding="UTF-8"?>
<!DOCTYPE html PUBLIC "-//W3C//DTD XHTML 1.0 Transitional//EN"
    "http://www.w3.org/TR/xhtml1/DTD/xhtml1-transitional.dtd">
<html xmlns="http://www.w3.org/1999/xhtml" xml:lang="en" lang="en">
 <head>
  <title>
</title>
<meta http-equiv="Content-Type" content="text/html;charset=utf-8" />
  <meta name='ocr-system' content='tesseract 3.04.00' />
  <meta name='ocr-capabilities' content='ocr_page ocr_carea ocr_par ocr_line ocrx_word'/>
</head>
<body>
  <div class='ocr_page' id='page_1' title='image "./paralipomenagra02lobegoog_0058.png"; bbox 0 0 2792 4725; ppageno 0'>
   <div class='ocr_carea' id='block_1_1' title="bbox 195 289 1078 385">
    <p class='ocr_par' dir='ltr' id='par_1_1' title="bbox 195 289 1078 385">
     <span class='ocr_line' id='line_1_1' title="bbox 195 289 1078 385; baseline -0.005 0"><span class='ocrx_word' id='word_1_1' title='bbox 195 298 245 385; x_wconf 79' lang='grc' dir='ltr'><strong>1ο</strong></span> <span class='ocrx_word' id='word_1_2' title='bbox 529 289 888 381; x_wconf 67' lang='grc' dir='ltr'><strong><em>ὀἰίιιιιιίιιο</em></strong></span> <span class='ocrx_word' id='word_1_3' title='bbox 916 312 943 381; x_wconf 92' lang='grc' dir='ltr'><strong>ι.</strong></span> <span class='ocrx_word' id='word_1_4' title='bbox 1074 299 1078 307; x_wconf 86' lang='grc'><strong>’</strong></span> 
     </span>
    </p>
   </div>
   <div class='ocr_carea' id='block_1_2' title="bbox 83 490 1385 4157">
    <p class='ocr_par' dir='ltr' id='par_1_2' title="bbox 198 490 1383 577">
     <span class='ocr_line' id='line_1_2' title="bbox 198 490 1383 577; baseline -0.001 -18"><span class='ocrx_word' id='word_1_5' title='bbox 198 494 260 559; x_wconf 89' lang='lat' dir='ltr'><strong>len.</strong></span> <span class='ocrx_word' id='word_1_6' title='bbox 283 492 397 558; x_wconf 74' lang='lat' dir='ltr'><strong>Comus.</strong></span> <span class='ocrx_word' id='word_1_7' title='bbox 415 490 469 557; x_wconf 87' lang='lat' dir='ltr'><strong>lll.</strong></span> <span class='ocrx_word' id='word_1_8' title='bbox 492 491 524 556; x_wconf 92' lang='lat' dir='ltr'><strong>in</strong></span> <span class='ocrx_word' id='word_1_9' title='bbox 545 490 584 555; x_wconf 91' lang='lat' dir='ltr'><strong>L.</strong></span> <span class='ocrx_word' id='word_1_10' title='bbox 607 490 644 557; x_wconf 91' lang='lat' dir='ltr'><strong>de</strong></span> <span class='ocrx_word' id='word_1_11' title='bbox 662 491 731 555; x_wconf 86' lang='lat' dir='ltr'><strong>Art.</strong></span> <span class='ocrx_word' id='word_1_12' title='bbox 755 514 784 557; x_wconf 86' lang='grc' dir='ltr'><strong>σ.</strong></span> <span class='ocrx_word' id='word_1_13' title='bbox 803 490 857 557; x_wconf 93' lang='grc'><strong>66.</strong></span> <span class='ocrx_word' id='word_1_14' title='bbox 880 514 911 577; x_wconf 90' lang='lat' dir='ltr'><strong>p.</strong></span> <span class='ocrx_word' id='word_1_15' title='bbox 932 490 1008 558; x_wconf 79' lang='grc'><strong>686.</strong></span> <span class='ocrx_word' id='word_1_16' title='bbox 1031 490 1199 559; x_wconf 69' lang='grc' dir='ltr'><strong>7.·Χ9111.</strong></span> <span class='ocrx_word' id='word_1_17' title='bbox 1223 492 1257 558; x_wconf 85' lang='grc' dir='ltr'><strong>Ρ.</strong></span> <span class='ocrx_word' id='word_1_18' title='bbox 1275 492 1297 557; x_wconf 95' lang='lat' dir='ltr'><strong>l.</strong></span> <span class='ocrx_word' id='word_1_19' title='bbox 1382 547 1383 570; x_wconf 68' lang='lat'><strong>,</strong></span> 
     </span>
    </p>

    <p class='ocr_par' dir='ltr' id='par_1_3' title="bbox 91 587 1385 2522">
     <span class='ocr_line' id='line_1_3' title="bbox 91 587 1301 679; baseline -0.002 -16"><span class='ocrx_word' id='word_1_20' title='bbox 91 616 93 623; x_wconf 85' lang='grc'><strong>’</strong></span> <span class='ocrx_word' id='word_1_21' title='bbox 197 596 247 663; x_wconf 86' lang='lat' dir='ltr'><strong>vel</strong></span> <span class='ocrx_word' id='word_1_22' title='bbox 267 595 470 671; x_wconf 72' lang='lat' dir='ltr'><strong>ducua&#39;voaon</strong></span> <span class='ocrx_word' id='word_1_23' title='bbox 491 594 541 658; x_wconf 93' lang='lat' dir='ltr'><strong>vel</strong></span> <span class='ocrx_word' id='word_1_24' title='bbox 559 587 848 670; x_wconf 75' lang='lat' dir='ltr'><strong>dunasvmedaueoc</strong></span> <span class='ocrx_word' id='word_1_25' title='bbox 866 596 1084 679; x_wconf 88' lang='lat' dir='ltr'><strong>reponendam,</strong></span> <span class='ocrx_word' id='word_1_26' title='bbox 1107 618 1160 679; x_wconf 79' lang='lat' dir='ltr'><strong>pru</strong></span> <span class='ocrx_word' id='word_1_27' title='bbox 1178 591 1301 663; x_wconf 73' lang='lat' dir='ltr'><strong>adiaco·</strong></span> 
     </span>
     <span class='ocr_line' id='line_1_4' title="bbox 197 692 1298 786; baseline -0.005 -19"><span class='ocrx_word' id='word_1_28' title='bbox 197 692 283 786; x_wconf 80' lang='grc' dir='ltr'><strong><em>τόση</em></strong></span> <span class='ocrx_word' id='word_1_29' title='bbox 304 699 380 783; x_wconf 91' lang='lat' dir='ltr'><strong>apud</strong></span> <span class='ocrx_word' id='word_1_30' title='bbox 402 696 528 760; x_wconf 90' lang='lat' dir='ltr'><strong>eundem</strong></span> <span class='ocrx_word' id='word_1_31' title='bbox 549 696 585 759; x_wconf 89' lang='lat' dir='ltr'><strong>de</strong></span> <span class='ocrx_word' id='word_1_32' title='bbox 604 697 709 781; x_wconf 87' lang='lat' dir='ltr'><strong>Simpl.</strong></span> <span class='ocrx_word' id='word_1_33' title='bbox 725 697 804 761; x_wconf 86' lang='lat' dir='ltr'><strong>hled.</strong></span> <span class='ocrx_word' id='word_1_34' title='bbox 821 696 891 761; x_wconf 82' lang='lat' dir='ltr'><strong>Fae.</strong></span> <span class='ocrx_word' id='word_1_35' title='bbox 908 696 966 761; x_wconf 88' lang='lat' dir='ltr'><strong>lX.</strong></span> <span class='ocrx_word' id='word_1_36' title='bbox 984 696 1016 761; x_wconf 88' lang='lat'><strong>1.</strong></span> <span class='ocrx_word' id='word_1_37' title='bbox 1034 719 1064 781; x_wconf 96' lang='lat' dir='ltr'><strong>p.</strong></span> <span class='ocrx_word' id='word_1_38' title='bbox 1083 697 1158 763; x_wconf 88' lang='grc'><strong>189.</strong></span> <span class='ocrx_word' id='word_1_39' title='bbox 1177 697 1215 762; x_wconf 86' lang='grc' dir='ltr'><strong>Τ.</strong></span> <span class='ocrx_word' id='word_1_40' title='bbox 1231 697 1298 762; x_wconf 84' lang='lat' dir='ltr'><strong>Xll.</strong></span> 
     </span>
     <span class='ocr_line' id='line_1_5' title="bbox 198 790 1384 893; baseline 0.003 -24"><span class='ocrx_word' id='word_1_41' title='bbox 198 790 450 883; x_wconf 79' lang='grc' dir='ltr'><strong><em>ιόλιιωτοτότη,</em></strong></span> <span class='ocrx_word' id='word_1_42' title='bbox 472 818 526 881; x_wconf 91' lang='lat' dir='ltr'><strong>pro</strong></span> <span class='ocrx_word' id='word_1_43' title='bbox 547 790 748 893; x_wconf 75' lang='grc' dir='ltr'><strong><em>εὐεψότερος</em></strong></span> <span class='ocrx_word' id='word_1_44' title='bbox 769 797 882 883; x_wconf 85' lang='lat' dir='ltr'><strong>Geopp.</strong></span> <span class='ocrx_word' id='word_1_45' title='bbox 903 797 942 862; x_wconf 94' lang='lat' dir='ltr'><strong>ll.</strong></span> <span class='ocrx_word' id='word_1_46' title='bbox 964 799 1020 865; x_wconf 73' lang='grc'><strong>25.</strong></span> <span class='ocrx_word' id='word_1_47' title='bbox 1045 791 1302 887; x_wconf 63' lang='lat' dir='ltr'><strong>adaptationem,</strong></span> <span class='ocrx_word' id='word_1_48' title='bbox 1383 855 1384 872; x_wconf 73' lang='lat'><strong>.</strong></span> 
     </span>
     <span class='ocr_line' id='line_1_6' title="bbox 199 895 1384 989; baseline 0.003 -23"><span class='ocrx_word' id='word_1_49' title='bbox 199 926 268 969; x_wconf 90' lang='lat' dir='ltr'><strong>nam</strong></span> <span class='ocrx_word' id='word_1_50' title='bbox 290 902 367 988; x_wconf 86' lang='lat' dir='ltr'><strong>qnod</strong></span> <span class='ocrx_word' id='word_1_51' title='bbox 382 899 531 964; x_wconf 86' lang='lat' dir='ltr'><strong>Niolasius</strong></span> <span class='ocrx_word' id='word_1_52' title='bbox 553 900 641 965; x_wconf 86' lang='lat' dir='ltr'><strong>affert</strong></span> <span class='ocrx_word' id='word_1_53' title='bbox 661 902 697 965; x_wconf 89' lang='lat' dir='ltr'><strong>ah</strong></span> <span class='ocrx_word' id='word_1_54' title='bbox 715 902 787 984; x_wconf 72' lang='grc' dir='ltr'><strong>4ψῶ</strong></span> <span class='ocrx_word' id='word_1_55' title='bbox 805 895 930 984; x_wconf 68' lang='lat' dir='ltr'><strong>adamae</strong></span> <span class='ocrx_word' id='word_1_56' title='bbox 948 902 1015 967; x_wconf 80' lang='lat' dir='ltr'><strong>duei</strong></span> <span class='ocrx_word' id='word_1_57' title='bbox 1035 913 1071 967; x_wconf 93' lang='grc' dir='ltr'><strong>ιιι</strong></span> <span class='ocrx_word' id='word_1_58' title='bbox 1087 924 1106 967; x_wconf 88' lang='lat' dir='ltr'><strong>a</strong></span> <span class='ocrx_word' id='word_1_59' title='bbox 1124 902 1214 989; x_wconf 69' lang='grc' dir='ltr'><strong><em>διψῶ</em></strong></span> <span class='ocrx_word' id='word_1_60' title='bbox 1233 897 1303 969; x_wconf 77' lang='grc' dir='ltr'><strong><em>ἄδι·</em></strong></span> <span class='ocrx_word' id='word_1_61' title='bbox 1383 897 1384 900; x_wconf 34' lang='grc'><strong>“</strong></span> 
     </span>
     <span class='ocr_line' id='line_1_7' title="bbox 199 1000 1303 1093; baseline -0.004 -22"><span class='ocrx_word' id='word_1_62' title='bbox 199 1022 279 1091; x_wconf 66' lang='lat' dir='ltr'><strong>proc,</strong></span> <span class='ocrx_word' id='word_1_63' title='bbox 302 1012 423 1087; x_wconf 87' lang='lat' dir='ltr'><strong>apparet</strong></span> <span class='ocrx_word' id='word_1_64' title='bbox 441 1002 547 1066; x_wconf 84' lang='lat' dir='ltr'><strong>ialsunr</strong></span> <span class='ocrx_word' id='word_1_65' title='bbox 567 1024 652 1071; x_wconf 80' lang='lat' dir='ltr'><strong>esses</strong></span> <span class='ocrx_word' id='word_1_66' title='bbox 675 1024 729 1088; x_wconf 86' lang='lat' dir='ltr'><strong>pro</strong></span> <span class='ocrx_word' id='word_1_67' title='bbox 746 1000 993 1093; x_wconf 79' lang='grc' dir='ltr'><strong><em>εόχειροτέροιις</em></strong></span> <span class='ocrx_word' id='word_1_68' title='bbox 1012 1004 1113 1069; x_wconf 81' lang='lat' dir='ltr'><strong>Sahal.</strong></span> <span class='ocrx_word' id='word_1_69' title='bbox 1128 1004 1225 1069; x_wconf 82' lang='lat' dir='ltr'><strong>Thoe.</strong></span> <span class='ocrx_word' id='word_1_70' title='bbox 1240 1003 1303 1069; x_wconf 82' lang='lat' dir='ltr'><strong>vll.</strong></span> 
     </span>
     <span class='ocr_line' id='line_1_8' title="bbox 200 1102 1306 1195; baseline -0.002 -22"><span class='ocrx_word' id='word_1_71' title='bbox 200 1107 254 1173; x_wconf 89' lang='lat'><strong>18.</strong></span> <span class='ocrx_word' id='word_1_72' title='bbox 278 1102 583 1195; x_wconf 75' lang='grc' dir='ltr'><strong><em>εόχειρωτοτέροιις.</em></strong></span> <span class='ocrx_word' id='word_1_73' title='bbox 615 1106 668 1170; x_wconf 88' lang='lat' dir='ltr'><strong>llis</strong></span> <span class='ocrx_word' id='word_1_74' title='bbox 690 1107 866 1190; x_wconf 79' lang='lat' dir='ltr'><strong>profligatis,</strong></span> <span class='ocrx_word' id='word_1_75' title='bbox 890 1128 1015 1191; x_wconf 86' lang='lat' dir='ltr'><strong>quornm</strong></span> <span class='ocrx_word' id='word_1_76' title='bbox 1037 1107 1237 1191; x_wconf 75' lang='lat' dir='ltr'><strong>patrocinium</strong></span> <span class='ocrx_word' id='word_1_77' title='bbox 1257 1128 1306 1171; x_wconf 91' lang='lat' dir='ltr'><strong>ne-</strong></span> 
     </span>
     <span class='ocr_line' id='line_1_9' title="bbox 200 1208 1385 1296; baseline -0.001 -22"><span class='ocrx_word' id='word_1_78' title='bbox 200 1210 320 1285; x_wconf 84' lang='lat' dir='ltr'><strong>minem·</strong></span> <span class='ocrx_word' id='word_1_79' title='bbox 334 1218 541 1291; x_wconf 77' lang='lat' dir='ltr'><strong>suscepturum</strong></span> <span class='ocrx_word' id='word_1_80' title='bbox 563 1218 652 1291; x_wconf 89' lang='lat' dir='ltr'><strong>puto,</strong></span> <span class='ocrx_word' id='word_1_81' title='bbox 680 1218 798 1273; x_wconf 72' lang='lat' dir='ltr'><strong>restam</strong></span> <span class='ocrx_word' id='word_1_82' title='bbox 819 1208 896 1285; x_wconf 86' lang='lat' dir='ltr'><strong>dno,</strong></span> <span class='ocrx_word' id='word_1_83' title='bbox 925 1230 1000 1293; x_wconf 88' lang='lat' dir='ltr'><strong>quae</strong></span> <span class='ocrx_word' id='word_1_84' title='bbox 1017 1208 1179 1295; x_wconf 88' lang='lat' dir='ltr'><strong>justiorem</strong></span> <span class='ocrx_word' id='word_1_85' title='bbox 1202 1230 1306 1296; x_wconf 88' lang='lat' dir='ltr'><strong>syueo·</strong></span> <span class='ocrx_word' id='word_1_86' title='bbox 1384 1221 1385 1244; x_wconf 70' lang='lat'><em>³</em></span> 
     </span>
     <span class='ocr_line' id='line_1_10' title="bbox 200 1302 1306 1407; baseline 0.002 -32"><span class='ocrx_word' id='word_1_87' title='bbox 200 1332 255 1407; x_wconf 83' lang='lat' dir='ltr'><strong>pae</strong></span> <span class='ocrx_word' id='word_1_88' title='bbox 277 1310 476 1395; x_wconf 78' lang='lat' dir='ltr'><strong>suspicionem</strong></span> <span class='ocrx_word' id='word_1_89' title='bbox 499 1311 652 1393; x_wconf 77' lang='lat' dir='ltr'><strong>praebent,</strong></span> <span class='ocrx_word' id='word_1_90' title='bbox 676 1330 769 1374; x_wconf 87' lang='lat' dir='ltr'><strong>nuum</strong></span> <span class='ocrx_word' id='word_1_91' title='bbox 787 1302 1035 1397; x_wconf 71' lang='grc' dir='ltr'><strong><em>ὑβριστότερος,</em></strong></span> <span class='ocrx_word' id='word_1_92' title='bbox 1054 1305 1306 1399; x_wconf 73' lang='grc' dir='ltr'><strong><em>όβριστότατος,</em></strong></span> 
     </span>
     <span class='ocr_line' id='line_1_11' title="bbox 200 1410 1308 1499; baseline 0 -22"><span class='ocrx_word' id='word_1_93' title='bbox 200 1413 347 1489; x_wconf 85' lang='lat' dir='ltr'><strong>alterum,</strong></span> <span class='ocrx_word' id='word_1_94' title='bbox 370 1412 448 1499; x_wconf 88' lang='lat' dir='ltr'><strong>quod</strong></span> <span class='ocrx_word' id='word_1_95' title='bbox 471 1410 649 1475; x_wconf 85' lang='lat' dir='ltr'><strong>Sohaeierus</strong></span> <span class='ocrx_word' id='word_1_96' title='bbox 666 1412 951 1499; x_wconf 81' lang='lat' dir='ltr'><strong>Wyttenhaehiairis</strong></span> <span class='ocrx_word' id='word_1_97' title='bbox 973 1414 1122 1498; x_wconf 80' lang='lat' dir='ltr'><strong>exemplis</strong></span> <span class='ocrx_word' id='word_1_98' title='bbox 1143 1414 1308 1479; x_wconf 73' lang='lat' dir='ltr'><strong>accumula·</strong></span> 
     </span>
     <span class='ocr_line' id='line_1_12' title="bbox 200 1510 1308 1604; baseline -0.003 -22"><span class='ocrx_word' id='word_1_99' title='bbox 200 1515 258 1591; x_wconf 86' lang='lat' dir='ltr'><strong>vit,</strong></span> <span class='ocrx_word' id='word_1_100' title='bbox 283 1510 524 1604; x_wconf 73' lang='grc' dir='ltr'><strong><em>χαλιιιρότερος.</em></strong></span> <span class='ocrx_word' id='word_1_101' title='bbox 564 1513 710 1578; x_wconf 88' lang='lat' dir='ltr'><strong>Priasll.</strong></span> <span class='ocrx_word' id='word_1_102' title='bbox 730 1513 908 1599; x_wconf 87' lang='lat' dir='ltr'><strong>Stephanus,</strong></span> <span class='ocrx_word' id='word_1_103' title='bbox 930 1516 1087 1591; x_wconf 76' lang='lat' dir='ltr'><strong>Matthiae,</strong></span> <span class='ocrx_word' id='word_1_104' title='bbox 1111 1517 1308 1580; x_wconf 85' lang='lat' dir='ltr'><strong>Buttmannus</strong></span> 
     </span>
     <span class='ocr_line' id='line_1_13' title="bbox 200 1610 1308 1735; baseline 0.003 -53"><span class='ocrx_word' id='word_1_105' title='bbox 200 1618 238 1683; x_wconf 88' lang='lat' dir='ltr'><strong>ad</strong></span> <span class='ocrx_word' id='word_1_106' title='bbox 255 1617 450 1681; x_wconf 83' lang='lat' dir='ltr'><strong>masculinum</strong></span> <span class='ocrx_word' id='word_1_107' title='bbox 467 1610 631 1704; x_wconf 72' lang='grc' dir='ltr'><strong><em>ὑβριστής</em></strong></span> <span class='ocrx_word' id='word_1_108' title='bbox 649 1615 798 1692; x_wconf 84' lang='lat' dir='ltr'><strong>referunt,</strong></span> <span class='ocrx_word' id='word_1_109' title='bbox 817 1618 903 1702; x_wconf 80' lang='lat' dir='ltr'><strong>eujus</strong></span> <span class='ocrx_word' id='word_1_110' title='bbox 919 1617 1070 1703; x_wconf 75' lang='lat' dir='ltr'><strong>legitimos</strong></span> <span class='ocrx_word' id='word_1_111' title='bbox 1087 1618 1199 1735; x_wconf 71' lang='lat' dir='ltr'><strong>pradus</strong></span> <span class='ocrx_word' id='word_1_112' title='bbox 1216 1615 1308 1706; x_wconf 73' lang='grc' dir='ltr'><strong><em>ὑβρι-</em></strong></span> 
     </span>
     <span class='ocr_line' id='line_1_14' title="bbox 202 1708 1310 1807; baseline -0.003 -19"><span class='ocrx_word' id='word_1_113' title='bbox 202 1711 427 1805; x_wconf 76' lang='grc' dir='ltr'><strong><em>στιστότιρος,</em></strong></span> <span class='ocrx_word' id='word_1_114' title='bbox 451 1708 765 1807; x_wconf 76' lang='grc' dir='ltr'><strong><em>όβριστιοτότατος,</em></strong></span> <span class='ocrx_word' id='word_1_115' title='bbox 794 1719 922 1783; x_wconf 85' lang='lat' dir='ltr'><strong>omissos</strong></span> <span class='ocrx_word' id='word_1_116' title='bbox 946 1740 1014 1785; x_wconf 85' lang='lat' dir='ltr'><strong>esse</strong></span> <span class='ocrx_word' id='word_1_117' title='bbox 1039 1732 1073 1785; x_wconf 90' lang='lat' dir='ltr'><strong>nt</strong></span> <span class='ocrx_word' id='word_1_118' title='bbox 1093 1721 1310 1802; x_wconf 67' lang='lat' dir='ltr'><strong>ineonoinnosp</strong></span> 
     </span>
     <span class='ocr_line' id='line_1_15' title="bbox 203 1819 1317 1921; baseline 0 -34"><span class='ocrx_word' id='word_1_119' title='bbox 203 1844 291 1908; x_wconf 88' lang='lat' dir='ltr'><strong>quam</strong></span> <span class='ocrx_word' id='word_1_120' title='bbox 312 1822 460 1887; x_wconf 85' lang='lat' dir='ltr'><strong>rationem</strong></span> <span class='ocrx_word' id='word_1_121' title='bbox 482 1822 508 1887; x_wconf 90' lang='lat' dir='ltr'><strong>si</strong></span> <span class='ocrx_word' id='word_1_122' title='bbox 530 1822 596 1905; x_wconf 87' lang='lat' dir='ltr'><strong>quis</strong></span> <span class='ocrx_word' id='word_1_123' title='bbox 618 1819 718 1905; x_wconf 90' lang='lat' dir='ltr'><strong>paullo</strong></span> <span class='ocrx_word' id='word_1_124' title='bbox 740 1820 878 1885; x_wconf 89' lang='lat' dir='ltr'><strong>subtilius</strong></span> <span class='ocrx_word' id='word_1_125' title='bbox 900 1832 1042 1905; x_wconf 83' lang='lat' dir='ltr'><strong>quaerat,</strong></span> <span class='ocrx_word' id='word_1_126' title='bbox 1065 1822 1205 1888; x_wconf 88' lang='lat' dir='ltr'><strong>inveniet</strong></span> <span class='ocrx_word' id='word_1_127' title='bbox 1227 1844 1317 1921; x_wconf 50' lang='lat' dir='ltr'><strong>saue-,-</strong></span> 
     </span>
     <span class='ocr_line' id='line_1_16' title="bbox 201 1923 1311 2009; baseline 0.002 -19"><span class='ocrx_word' id='word_1_128' title='bbox 201 1927 232 1991; x_wconf 91' lang='lat' dir='ltr'><strong>ld</strong></span> <span class='ocrx_word' id='word_1_129' title='bbox 252 1925 331 2009; x_wconf 89' lang='lat' dir='ltr'><strong>quod</strong></span> <span class='ocrx_word' id='word_1_130' title='bbox 352 1924 476 2009; x_wconf 80' lang='lat' dir='ltr'><strong>regulae</strong></span> <span class='ocrx_word' id='word_1_131' title='bbox 498 1944 586 2008; x_wconf 90' lang='lat' dir='ltr'><strong>supra</strong></span> <span class='ocrx_word' id='word_1_132' title='bbox 608 1923 777 2007; x_wconf 72' lang='lat' dir='ltr'><strong>propositae</strong></span> <span class='ocrx_word' id='word_1_133' title='bbox 799 1935 1033 1987; x_wconf 69' lang='lat' dir='ltr'><strong>consentaneum</strong></span> <span class='ocrx_word' id='word_1_134' title='bbox 1055 1935 1120 1999; x_wconf 82' lang='lat' dir='ltr'><strong>est,</strong></span> <span class='ocrx_word' id='word_1_135' title='bbox 1144 1926 1253 1991; x_wconf 86' lang='lat' dir='ltr'><strong>literas</strong></span> <span class='ocrx_word' id='word_1_136' title='bbox 1274 1950 1311 1993; x_wconf 82' lang='grc' dir='ltr'><strong>οτ</strong></span> 
     </span>
     <span class='ocr_line' id='line_1_17' title="bbox 203 2025 1311 2117; baseline -0.002 -24"><span class='ocrx_word' id='word_1_137' title='bbox 203 2048 354 2113; x_wconf 89' lang='lat' dir='ltr'><strong>nunquam</strong></span> <span class='ocrx_word' id='word_1_138' title='bbox 375 2027 449 2091; x_wconf 87' lang='lat' dir='ltr'><strong>duas</strong></span> <span class='ocrx_word' id='word_1_139' title='bbox 472 2028 629 2091; x_wconf 78' lang='lat' dir='ltr'><strong>continuas</strong></span> <span class='ocrx_word' id='word_1_140' title='bbox 651 2025 781 2117; x_wconf 78' lang='lat' dir='ltr'><strong>syllabas</strong></span> <span class='ocrx_word' id='word_1_141' title='bbox 803 2026 950 2089; x_wconf 82' lang='lat' dir='ltr'><strong>exordiri.</strong></span> <span class='ocrx_word' id='word_1_142' title='bbox 990 2025 1049 2089; x_wconf 84' lang='lat' dir='ltr'><strong>Sed</strong></span> <span class='ocrx_word' id='word_1_143' title='bbox 1069 2037 1167 2091; x_wconf 86' lang='lat' dir='ltr'><strong>restat</strong></span> <span class='ocrx_word' id='word_1_144' title='bbox 1188 2049 1311 2113; x_wconf 85' lang='lat' dir='ltr'><strong>serupu-</strong></span> 
     </span>
     <span class='ocr_line' id='line_1_18' title="bbox 202 2125 1312 2213; baseline -0.003 -17"><span class='ocrx_word' id='word_1_145' title='bbox 202 2132 270 2212; x_wconf 80' lang='lat' dir='ltr'><strong>lns3</strong></span> <span class='ocrx_word' id='word_1_146' title='bbox 299 2153 367 2195; x_wconf 88' lang='lat' dir='ltr'><strong>nam</strong></span> <span class='ocrx_word' id='word_1_147' title='bbox 390 2140 425 2193; x_wconf 91' lang='grc' dir='ltr'><strong>ιιι</strong></span> <span class='ocrx_word' id='word_1_148' title='bbox 446 2129 568 2192; x_wconf 87' lang='lat' dir='ltr'><strong>Gomieo</strong></span> <span class='ocrx_word' id='word_1_149' title='bbox 590 2127 664 2191; x_wconf 89' lang='lat' dir='ltr'><strong>haee</strong></span> <span class='ocrx_word' id='word_1_150' title='bbox 685 2125 827 2191; x_wconf 86' lang='lat' dir='ltr'><strong>lieentior</strong></span> <span class='ocrx_word' id='word_1_151' title='bbox 847 2128 1028 2191; x_wconf 79' lang='lat' dir='ltr'><strong>concedatur</strong></span> <span class='ocrx_word' id='word_1_152' title='bbox 1048 2147 1194 2213; x_wconf 77' lang='lat' dir='ltr'><strong>syncope,</strong></span> <span class='ocrx_word' id='word_1_153' title='bbox 1220 2131 1312 2195; x_wconf 83' lang='lat' dir='ltr'><strong>llere·</strong></span> 
     </span>
     <span class='ocr_line' id='line_1_19' title="bbox 202 2228 1313 2319; baseline -0.003 -20"><span class='ocrx_word' id='word_1_154' title='bbox 202 2236 289 2299; x_wconf 87' lang='lat' dir='ltr'><strong>dotus</strong></span> <span class='ocrx_word' id='word_1_155' title='bbox 312 2242 413 2308; x_wconf 87' lang='lat' dir='ltr'><strong>eerte,</strong></span> <span class='ocrx_word' id='word_1_156' title='bbox 443 2228 612 2313; x_wconf 85' lang='lat' dir='ltr'><strong>Xenophon</strong></span> <span class='ocrx_word' id='word_1_157' title='bbox 637 2236 669 2292; x_wconf 89' lang='lat' dir='ltr'><strong>et</strong></span> <span class='ocrx_word' id='word_1_158' title='bbox 687 2229 785 2293; x_wconf 83' lang='lat' dir='ltr'><strong>aeteri</strong></span> <span class='ocrx_word' id='word_1_159' title='bbox 806 2228 893 2319; x_wconf 86' lang='lat' dir='ltr'><strong>hujus</strong></span> <span class='ocrx_word' id='word_1_160' title='bbox 915 2228 1045 2305; x_wconf 84' lang='lat' dir='ltr'><strong>ordinis,</strong></span> <span class='ocrx_word' id='word_1_161' title='bbox 1074 2251 1130 2294; x_wconf 88' lang='lat' dir='ltr'><strong>ear</strong></span> <span class='ocrx_word' id='word_1_162' title='bbox 1149 2234 1313 2298; x_wconf 87' lang='lat' dir='ltr'><strong>maluerint</strong></span> 
     </span>
     <span class='ocr_line' id='line_1_20' title="bbox 202 2326 1312 2420; baseline -0.003 -20"><span class='ocrx_word' id='word_1_163' title='bbox 202 2336 335 2400; x_wconf 88' lang='lat' dir='ltr'><strong>nativam</strong></span> <span class='ocrx_word' id='word_1_164' title='bbox 353 2332 490 2399; x_wconf 81' lang='lat' dir='ltr'><strong>vocabuli</strong></span> <span class='ocrx_word' id='word_1_165' title='bbox 508 2334 632 2396; x_wconf 89' lang='lat' dir='ltr'><strong>iormam</strong></span> <span class='ocrx_word' id='word_1_166' title='bbox 653 2330 836 2408; x_wconf 79' lang='lat' dir='ltr'><strong>adulterare,</strong></span> <span class='ocrx_word' id='word_1_167' title='bbox 860 2352 947 2416; x_wconf 89' lang='lat' dir='ltr'><strong>quam</strong></span> <span class='ocrx_word' id='word_1_168' title='bbox 962 2326 1252 2420; x_wconf 72' lang='lat' dir='ltr'><strong>dplpcuvavm&#39;vavoc</strong></span> <span class='ocrx_word' id='word_1_169' title='bbox 1270 2334 1312 2398; x_wconf 87' lang='lat' dir='ltr'><strong>di·</strong></span> 
     </span>
     <span class='ocr_line' id='line_1_21' title="bbox 204 2433 1312 2522; baseline 0.001 -20"><span class='ocrx_word' id='word_1_170' title='bbox 204 2453 293 2516; x_wconf 83' lang='lat' dir='ltr'><strong>eene,</strong></span> <span class='ocrx_word' id='word_1_171' title='bbox 325 2438 401 2522; x_wconf 90' lang='lat' dir='ltr'><strong>quod</strong></span> <span class='ocrx_word' id='word_1_172' title='bbox 423 2437 604 2499; x_wconf 87' lang='lat' dir='ltr'><strong>tantumdem</strong></span> <span class='ocrx_word' id='word_1_173' title='bbox 631 2434 714 2499; x_wconf 86' lang='lat' dir='ltr'><strong>valet</strong></span> <span class='ocrx_word' id='word_1_174' title='bbox 741 2455 797 2499; x_wconf 90' lang='lat' dir='ltr'><strong>nee</strong></span> <span class='ocrx_word' id='word_1_175' title='bbox 818 2433 917 2498; x_wconf 88' lang='lat' dir='ltr'><strong>minus</strong></span> <span class='ocrx_word' id='word_1_176' title='bbox 941 2437 1097 2518; x_wconf 83' lang='lat' dir='ltr'><strong>probatum</strong></span> <span class='ocrx_word' id='word_1_177' title='bbox 1121 2447 1168 2501; x_wconf 87' lang='lat' dir='ltr'><strong>est</strong></span> <span class='ocrx_word' id='word_1_178' title='bbox 1195 2459 1229 2502; x_wconf 97' lang='lat' dir='ltr'><strong>v.</strong></span> <span class='ocrx_word' id='word_1_179' title='bbox 1254 2438 1312 2502; x_wconf 85' lang='lat' dir='ltr'><strong>De·</strong></span> 
     </span>
    </p>

    <p class='ocr_par' dir='ltr' id='par_1_4' title="bbox 83 2536 1315 2730">
     <span class='ocr_line' id='line_1_22' title="bbox 83 2536 1312 2623; baseline -0.002 -19"><span class='ocrx_word' id='word_1_180' title='bbox 83 2608 88 2621; x_wconf 35' lang='lat'><strong>⁴</strong></span> <span class='ocrx_word' id='word_1_181' title='bbox 204 2539 315 2604; x_wconf 90' lang='lat' dir='ltr'><strong>mosth.</strong></span> <span class='ocrx_word' id='word_1_182' title='bbox 338 2536 421 2615; x_wconf 82' lang='lat'><strong>218,</strong></span> <span class='ocrx_word' id='word_1_183' title='bbox 443 2536 497 2603; x_wconf 86' lang='grc'><strong>27.</strong></span> <span class='ocrx_word' id='word_1_184' title='bbox 528 2545 586 2600; x_wconf 86' lang='lat' dir='ltr'><strong>ete.</strong></span> <span class='ocrx_word' id='word_1_185' title='bbox 616 2536 672 2600; x_wconf 81' lang='lat' dir='ltr'><strong>vix</strong></span> <span class='ocrx_word' id='word_1_186' title='bbox 697 2536 828 2621; x_wconf 78' lang='lat' dir='ltr'><strong>intelligi</strong></span> <span class='ocrx_word' id='word_1_187' title='bbox 855 2547 965 2621; x_wconf 88' lang='lat' dir='ltr'><strong>potest.</strong></span> <span class='ocrx_word' id='word_1_188' title='bbox 1010 2537 1114 2622; x_wconf 88' lang='lat' dir='ltr'><strong>Neque</strong></span> <span class='ocrx_word' id='word_1_189' title='bbox 1139 2551 1258 2623; x_wconf 87' lang='lat' dir='ltr'><strong>perstat</strong></span> <span class='ocrx_word' id='word_1_190' title='bbox 1283 2539 1312 2603; x_wconf 90' lang='lat' dir='ltr'><strong>in</strong></span> 
     </span>
     <span class='ocr_line' id='line_1_23' title="bbox 205 2636 1315 2730; baseline 0.002 -24"><span class='ocrx_word' id='word_1_191' title='bbox 205 2641 356 2707; x_wconf 76' lang='lat' dir='ltr'><strong>salutantia</strong></span> <span class='ocrx_word' id='word_1_192' title='bbox 377 2639 538 2718; x_wconf 88' lang='lat' dir='ltr'><strong>Matthiae,</strong></span> <span class='ocrx_word' id='word_1_193' title='bbox 570 2638 642 2714; x_wconf 85' lang='lat' dir='ltr'><strong>sed,</strong></span> <span class='ocrx_word' id='word_1_194' title='bbox 671 2650 863 2723; x_wconf 89' lang='lat' dir='ltr'><strong>posteaquam</strong></span> <span class='ocrx_word' id='word_1_195' title='bbox 884 2636 1130 2726; x_wconf 76' lang='grc' dir='ltr'><strong><em>ὑβριστότατος</em></strong></span> <span class='ocrx_word' id='word_1_196' title='bbox 1152 2642 1190 2705; x_wconf 90' lang='lat' dir='ltr'><strong>ad</strong></span> <span class='ocrx_word' id='word_1_197' title='bbox 1213 2637 1315 2730; x_wconf 72' lang='grc' dir='ltr'><strong><em>ὕβρι·</em></strong></span> 
     </span>
    </p>

    <p class='ocr_par' dir='ltr' id='par_1_5' title="bbox 155 2741 1353 3956">
     <span class='ocr_line' id='line_1_24' title="bbox 155 2741 1315 2831; baseline -0.003 -20"><span class='ocrx_word' id='word_1_198' title='bbox 155 2821 157 2829; x_wconf 33' lang='grc' dir='ltr'>Ι</span> <span class='ocrx_word' id='word_1_199' title='bbox 207 2741 288 2831; x_wconf 80' lang='grc' dir='ltr'><strong><em>στής</em></strong></span> <span class='ocrx_word' id='word_1_200' title='bbox 309 2741 426 2816; x_wconf 88' lang='lat' dir='ltr'><strong>retulit,</strong></span> <span class='ocrx_word' id='word_1_201' title='bbox 449 2741 530 2820; x_wconf 72' lang='lat' dir='ltr'><strong>addit</strong></span> <span class='ocrx_word' id='word_1_202' title='bbox 552 2750 651 2805; x_wconf 86' lang='lat' dir='ltr'><strong>tamen</strong></span> <span class='ocrx_word' id='word_1_203' title='bbox 670 2741 881 2820; x_wconf 81' lang='lat' dir='ltr'><strong>Pherearatem</strong></span> <span class='ocrx_word' id='word_1_204' title='bbox 903 2754 935 2806; x_wconf 89' lang='lat' dir='ltr'><strong>et</strong></span> <span class='ocrx_word' id='word_1_205' title='bbox 951 2743 1105 2825; x_wconf 77' lang='lat' dir='ltr'><strong>Platonem</strong></span> <span class='ocrx_word' id='word_1_206' title='bbox 1126 2745 1261 2809; x_wconf 86' lang='lat' dir='ltr'><strong>oomieos</strong></span> <span class='ocrx_word' id='word_1_207' title='bbox 1282 2744 1315 2808; x_wconf 94' lang='lat' dir='ltr'><strong>in</strong></span> 
     </span>
     <span class='ocr_line' id='line_1_25' title="bbox 205 2831 1315 2941; baseline 0.001 -30"><span class='ocrx_word' id='word_1_208' title='bbox 205 2847 320 2911; x_wconf 85' lang='lat' dir='ltr'><strong>Aneud.</strong></span> <span class='ocrx_word' id='word_1_209' title='bbox 344 2859 374 2938; x_wconf 88' lang='lat' dir='ltr'><strong>p.</strong></span> <span class='ocrx_word' id='word_1_210' title='bbox 398 2841 479 2918; x_wconf 86' lang='grc'><strong>368,</strong></span> <span class='ocrx_word' id='word_1_211' title='bbox 504 2831 561 2907; x_wconf 77' lang='grc' dir='ltr'><strong>17.Ι</strong></span> <span class='ocrx_word' id='word_1_212' title='bbox 579 2839 747 2931; x_wconf 77' lang='grc' dir='ltr'><strong><em>ὕβρισται</em></strong></span> <span class='ocrx_word' id='word_1_213' title='bbox 767 2844 882 2941; x_wconf 77' lang='grc' dir='ltr'><strong><em>χρῆμα</em></strong></span> <span class='ocrx_word' id='word_1_214' title='bbox 903 2845 1035 2923; x_wconf 79' lang='lat' dir='ltr'><strong>dixisse,</strong></span> <span class='ocrx_word' id='word_1_215' title='bbox 1062 2858 1206 2912; x_wconf 80' lang='lat' dir='ltr'><strong>noeentus</strong></span> <span class='ocrx_word' id='word_1_216' title='bbox 1228 2849 1315 2912; x_wconf 74' lang='lat' dir='ltr'><strong>ineu·</strong></span> 
     </span>
     <span class='ocr_line' id='line_1_26' title="bbox 205 2946 1317 3034; baseline 0.001 -22"><span class='ocrx_word' id='word_1_217' title='bbox 205 2951 331 3028; x_wconf 72' lang='lat' dir='ltr'><strong>sinsus.</strong></span> <span class='ocrx_word' id='word_1_218' title='bbox 363 2946 570 3028; x_wconf 83' lang='lat' dir='ltr'><strong>Quemquam</strong></span> <span class='ocrx_word' id='word_1_219' title='bbox 598 2965 660 3010; x_wconf 89' lang='lat' dir='ltr'><strong>non</strong></span> <span class='ocrx_word' id='word_1_220' title='bbox 685 2966 740 3009; x_wconf 91' lang='lat' dir='ltr'><strong>sno</strong></span> <span class='ocrx_word' id='word_1_221' title='bbox 762 2947 828 3011; x_wconf 87' lang='lat' dir='ltr'><strong>loeo</strong></span> <span class='ocrx_word' id='word_1_222' title='bbox 853 2947 981 3032; x_wconf 87' lang='lat' dir='ltr'><strong>positum</strong></span> <span class='ocrx_word' id='word_1_223' title='bbox 1009 2967 1077 3013; x_wconf 79' lang='lat' dir='ltr'><strong>esse</strong></span> <span class='ocrx_word' id='word_1_224' title='bbox 1103 2959 1224 3034; x_wconf 83' lang='lat' dir='ltr'><strong>putaret</strong></span> <span class='ocrx_word' id='word_1_225' title='bbox 1245 2950 1317 3014; x_wconf 86' lang='lat' dir='ltr'><strong>Pas·</strong></span> 
     </span>
     <span class='ocr_line' id='line_1_27' title="bbox 206 3042 1317 3137; baseline 0 -22"><span class='ocrx_word' id='word_1_226' title='bbox 206 3051 327 3126; x_wconf 90' lang='lat' dir='ltr'><strong>sovius,</strong></span> <span class='ocrx_word' id='word_1_227' title='bbox 356 3049 447 3113; x_wconf 76' lang='lat' dir='ltr'><strong>tacite</strong></span> <span class='ocrx_word' id='word_1_228' title='bbox 466 3042 628 3136; x_wconf 52' lang='grc' dir='ltr'><strong>Αόβριστός</strong></span> <span class='ocrx_word' id='word_1_229' title='bbox 652 3047 774 3130; x_wconf 84' lang='lat' dir='ltr'><strong>scripsit</strong></span> <span class='ocrx_word' id='word_1_230' title='bbox 797 3061 831 3114; x_wconf 91' lang='lat' dir='ltr'><strong>nt</strong></span> <span class='ocrx_word' id='word_1_231' title='bbox 855 3042 1057 3130; x_wconf 77' lang='grc' dir='ltr'><strong><em>σπανιστός,</em></strong></span> <span class='ocrx_word' id='word_1_232' title='bbox 1086 3071 1184 3133; x_wconf 88' lang='lat' dir='ltr'><strong>aquo</strong></span> <span class='ocrx_word' id='word_1_233' title='bbox 1210 3072 1317 3137; x_wconf 89' lang='lat' dir='ltr'><strong>super·</strong></span> 
     </span>
     <span class='ocr_line' id='line_1_28' title="bbox 206 3143 1353 3239; baseline 0.001 -23"><span class='ocrx_word' id='word_1_234' title='bbox 206 3153 333 3217; x_wconf 81' lang='lat' dir='ltr'><strong>dativum</strong></span> <span class='ocrx_word' id='word_1_235' title='bbox 350 3143 591 3239; x_wconf 77' lang='grc' dir='ltr'><strong><em>όβριοτότατος</em></strong></span> <span class='ocrx_word' id='word_1_236' title='bbox 608 3150 736 3214; x_wconf 88' lang='lat' dir='ltr'><strong>areessit</strong></span> <span class='ocrx_word' id='word_1_237' title='bbox 755 3152 807 3215; x_wconf 88' lang='lat' dir='ltr'><strong>sed</strong></span> <span class='ocrx_word' id='word_1_238' title='bbox 824 3152 1005 3227; x_wconf 79' lang='lat' dir='ltr'><strong>dubitanter,</strong></span> <span class='ocrx_word' id='word_1_239' title='bbox 1025 3152 1094 3237; x_wconf 83' lang='lat' dir='ltr'><strong>quia</strong></span> <span class='ocrx_word' id='word_1_240' title='bbox 1106 3151 1316 3217; x_wconf 84' lang='lat' dir='ltr'><strong>Mehlhornius</strong></span> <span class='ocrx_word' id='word_1_241' title='bbox 1341 3157 1353 3173; x_wconf 77' lang='lat'><strong><em>¹</em></strong></span> 
     </span>
     <span class='ocr_line' id='line_1_29' title="bbox 208 3247 1317 3352; baseline 0.001 -34"><span class='ocrx_word' id='word_1_242' title='bbox 208 3265 300 3344; x_wconf 79' lang='lat' dir='ltr'><strong>negat</strong></span> <span class='ocrx_word' id='word_1_243' title='bbox 323 3247 483 3352; x_wconf 74' lang='lat' dir='ltr'><strong>aipipcosdc</strong></span> <span class='ocrx_word' id='word_1_244' title='bbox 507 3264 560 3316; x_wconf 89' lang='lat' dir='ltr'><strong>aot</strong></span> <span class='ocrx_word' id='word_1_245' title='bbox 583 3254 663 3317; x_wconf 89' lang='lat' dir='ltr'><strong>aliud</strong></span> <span class='ocrx_word' id='word_1_246' title='bbox 690 3275 800 3317; x_wconf 89' lang='lat' dir='ltr'><strong>nomen</strong></span> <span class='ocrx_word' id='word_1_247' title='bbox 825 3253 1008 3339; x_wconf 86' lang='lat' dir='ltr'><strong>partieipiale</strong></span> <span class='ocrx_word' id='word_1_248' title='bbox 1036 3277 1092 3319; x_wconf 85' lang='lat' dir='ltr'><strong>nea</strong></span> <span class='ocrx_word' id='word_1_249' title='bbox 1117 3255 1317 3337; x_wconf 82' lang='lat' dir='ltr'><strong>compositum</strong></span> 
     </span>
     <span class='ocr_line' id='line_1_30' title="bbox 209 3355 1317 3442; baseline 0.001 -23"><span class='ocrx_word' id='word_1_250' title='bbox 209 3357 336 3420; x_wconf 80' lang='lat' dir='ltr'><strong>activam</strong></span> <span class='ocrx_word' id='word_1_251' title='bbox 357 3355 513 3420; x_wconf 87' lang='lat' dir='ltr'><strong>hahere</strong></span> <span class='ocrx_word' id='word_1_252' title='bbox 488 3378 535 3420; x_wconf 73' lang='lat' dir='ltr'><strong>sav</strong></span> <span class='ocrx_word' id='word_1_253' title='bbox 515 3356 748 3441; x_wconf 85' lang='lat' dir='ltr'><strong>gnilioationem.</strong></span> <span class='ocrx_word' id='word_1_254' title='bbox 795 3355 852 3421; x_wconf 88' lang='lat' dir='ltr'><strong>Sed</strong></span> <span class='ocrx_word' id='word_1_255' title='bbox 876 3357 952 3420; x_wconf 87' lang='lat' dir='ltr'><strong>hano</strong></span> <span class='ocrx_word' id='word_1_256' title='bbox 975 3357 1035 3420; x_wconf 85' lang='lat' dir='ltr'><strong>viri</strong></span> <span class='ocrx_word' id='word_1_257' title='bbox 1057 3356 1171 3442; x_wconf 80' lang='lat' dir='ltr'><strong>egregii</strong></span> <span class='ocrx_word' id='word_1_258' title='bbox 1198 3357 1317 3420; x_wconf 90' lang='lat' dir='ltr'><strong>dnhita</strong></span> 
     </span>
     <span class='ocr_line' id='line_1_31' title="bbox 209 3440 1319 3545; baseline 0.002 -25"><span class='ocrx_word' id='word_1_259' title='bbox 209 3458 321 3523; x_wconf 82' lang='grc' dir='ltr'><strong><em>ιίοιιοιιι</em></strong></span> <span class='ocrx_word' id='word_1_260' title='bbox 343 3458 422 3522; x_wconf 88' lang='lat' dir='ltr'><strong>tollit</strong></span> <span class='ocrx_word' id='word_1_261' title='bbox 442 3440 493 3524; x_wconf 85' lang='lat' dir='ltr'><strong>vel</strong></span> <span class='ocrx_word' id='word_1_262' title='bbox 510 3445 692 3524; x_wconf 81' lang='lat' dir='ltr'><strong>homericum</strong></span> <span class='ocrx_word' id='word_1_263' title='bbox 710 3455 829 3545; x_wconf 79' lang='grc' dir='ltr'><strong><em>τλητός</em></strong></span> <span class='ocrx_word' id='word_1_264' title='bbox 844 3453 973 3544; x_wconf 71' lang='grc' dir='ltr'><strong><em>θυμός,</em></strong></span> <span class='ocrx_word' id='word_1_265' title='bbox 998 3479 1094 3543; x_wconf 85' lang='lat' dir='ltr'><strong>neque</strong></span> <span class='ocrx_word' id='word_1_266' title='bbox 1116 3461 1216 3522; x_wconf 91' lang='lat' dir='ltr'><strong>obstat</strong></span> <span class='ocrx_word' id='word_1_267' title='bbox 1237 3460 1319 3543; x_wconf 81' lang='lat' dir='ltr'><strong>quod</strong></span> 
     </span>
     <span class='ocr_line' id='line_1_32' title="bbox 212 3537 1318 3646; baseline 0.003 -25"><span class='ocrx_word' id='word_1_268' title='bbox 212 3537 402 3636; x_wconf 79' lang='lat' dir='ltr'><strong>Grammatiei</strong></span> <span class='ocrx_word' id='word_1_269' title='bbox 430 3562 526 3626; x_wconf 88' lang='lat' dir='ltr'><strong>nostri</strong></span> <span class='ocrx_word' id='word_1_270' title='bbox 557 3564 592 3627; x_wconf 89' lang='lat' dir='ltr'><strong>de</strong></span> <span class='ocrx_word' id='word_1_271' title='bbox 622 3560 778 3646; x_wconf 80' lang='lat' dir='ltr'><strong>adjectivis</strong></span> <span class='ocrx_word' id='word_1_272' title='bbox 805 3560 975 3625; x_wconf 81' lang='lat' dir='ltr'><strong>verbalibus</strong></span> <span class='ocrx_word' id='word_1_273' title='bbox 1004 3583 1059 3646; x_wconf 88' lang='lat' dir='ltr'><strong>per</strong></span> <span class='ocrx_word' id='word_1_274' title='bbox 1085 3562 1195 3646; x_wconf 75' lang='lat' dir='ltr'><strong>gradum</strong></span> <span class='ocrx_word' id='word_1_275' title='bbox 1223 3560 1318 3626; x_wconf 88' lang='lat' dir='ltr'><strong>motis</strong></span> 
     </span>
     <span class='ocr_line' id='line_1_33' title="bbox 213 3657 1319 3750; baseline 0.006 -28"><span class='ocrx_word' id='word_1_276' title='bbox 213 3669 330 3739; x_wconf 82' lang='lat' dir='ltr'><strong>taeent3</strong></span> <span class='ocrx_word' id='word_1_277' title='bbox 353 3685 420 3727; x_wconf 85' lang='lat' dir='ltr'><strong>nam</strong></span> <span class='ocrx_word' id='word_1_278' title='bbox 440 3659 562 3750; x_wconf 75' lang='grc' dir='ltr'><strong><em>ζηλωτό</em></strong></span> <span class='ocrx_word' id='word_1_279' title='bbox 564 3687 665 3737; x_wconf 72' lang='lat' dir='ltr'><strong>aneon</strong></span> <span class='ocrx_word' id='word_1_280' title='bbox 683 3662 795 3746; x_wconf 80' lang='lat' dir='ltr'><strong>legitur</strong></span> <span class='ocrx_word' id='word_1_281' title='bbox 815 3683 863 3746; x_wconf 91' lang='lat' dir='ltr'><strong>ap.</strong></span> <span class='ocrx_word' id='word_1_282' title='bbox 878 3663 974 3728; x_wconf 78' lang='lat' dir='ltr'><strong>Arist.</strong></span> <span class='ocrx_word' id='word_1_283' title='bbox 988 3662 1085 3727; x_wconf 87' lang='lat' dir='ltr'><strong>Nuhh.</strong></span> <span class='ocrx_word' id='word_1_284' title='bbox 1100 3657 1223 3727; x_wconf 84' lang='grc'><strong>463.’</strong></span> <span class='ocrx_word' id='word_1_285' title='bbox 1199 3686 1319 3730; x_wconf 85' lang='grc' dir='ltr'><strong><em>ασπα-</em></strong></span> 
     </span>
     <span class='ocr_line' id='line_1_34' title="bbox 211 3754 1314 3849; baseline 0.002 -23"><span class='ocrx_word' id='word_1_286' title='bbox 211 3754 368 3848; x_wconf 80' lang='grc' dir='ltr'><strong><em>οτότεροιι</em></strong></span> <span class='ocrx_word' id='word_1_287' title='bbox 396 3766 525 3832; x_wconf 81' lang='grc' dir='ltr'><strong><em>Ηοιοιιο.</em></strong></span> <span class='ocrx_word' id='word_1_288' title='bbox 557 3766 582 3830; x_wconf 92' lang='grc' dir='ltr'><strong>Ι.</strong></span> <span class='ocrx_word' id='word_1_289' title='bbox 612 3763 666 3830; x_wconf 88' lang='grc'><strong>62.</strong></span> <span class='ocrx_word' id='word_1_290' title='bbox 710 3755 929 3849; x_wconf 76' lang='grc' dir='ltr'><strong><em>αιρετότεροι</em></strong></span> <span class='ocrx_word' id='word_1_291' title='bbox 958 3764 1114 3828; x_wconf 84' lang='lat' dir='ltr'><strong>Demosth.</strong></span> <span class='ocrx_word' id='word_1_292' title='bbox 1143 3763 1225 3839; x_wconf 86' lang='grc'><strong>657,</strong></span> <span class='ocrx_word' id='word_1_293' title='bbox 1257 3762 1314 3830; x_wconf 87' lang='grc'><strong>21.</strong></span> 
     </span>
     <span class='ocr_line' id='line_1_35' title="bbox 209 3858 1315 3956; baseline 0.001 -28"><span class='ocrx_word' id='word_1_294' title='bbox 209 3863 494 3955; x_wconf 76' lang='grc' dir='ltr'><strong><em>θαυμαστότερον</em></strong></span> <span class='ocrx_word' id='word_1_295' title='bbox 519 3867 632 3932; x_wconf 76' lang='lat' dir='ltr'><strong>Sextus</strong></span> <span class='ocrx_word' id='word_1_296' title='bbox 655 3887 683 3929; x_wconf 89' lang='lat' dir='ltr'><strong>o.</strong></span> <span class='ocrx_word' id='word_1_297' title='bbox 707 3864 799 3951; x_wconf 86' lang='lat' dir='ltr'><strong>Phys.</strong></span> <span class='ocrx_word' id='word_1_298' title='bbox 822 3887 851 3950; x_wconf 97' lang='lat' dir='ltr'><strong>p.</strong></span> <span class='ocrx_word' id='word_1_299' title='bbox 876 3864 951 3945; x_wconf 80' lang='grc'><strong>577.</strong></span> <span class='ocrx_word' id='word_1_300' title='bbox 989 3858 1156 3956; x_wconf 78' lang='grc' dir='ltr'><strong><em>ρητότατα</em></strong></span> <span class='ocrx_word' id='word_1_301' title='bbox 1179 3887 1208 3930; x_wconf 89' lang='grc' dir='ltr'><strong>ο.</strong></span> <span class='ocrx_word' id='word_1_302' title='bbox 1231 3866 1315 3930; x_wconf 87' lang='lat' dir='ltr'><strong>Mus.</strong></span> 
     </span>
    </p>

    <p class='ocr_par' dir='ltr' id='par_1_6' title="bbox 90 3959 1316 4157">
     <span class='ocr_line' id='line_1_36' title="bbox 90 3959 1314 4053; baseline 0.003 -27"><span class='ocrx_word' id='word_1_303' title='bbox 90 4019 92 4026; x_wconf 58' lang='lat'><strong>.</strong></span> <span class='ocrx_word' id='word_1_304' title='bbox 211 3985 241 4048; x_wconf 91' lang='lat' dir='ltr'><strong>p.</strong></span> <span class='ocrx_word' id='word_1_305' title='bbox 265 3965 338 4034; x_wconf 88' lang='grc'><strong>373.</strong></span> <span class='ocrx_word' id='word_1_306' title='bbox 370 3991 397 4033; x_wconf 87' lang='lat' dir='ltr'><strong>o.</strong></span> <span class='ocrx_word' id='word_1_307' title='bbox 421 3969 497 4053; x_wconf 84' lang='lat' dir='ltr'><strong>Lug.</strong></span> <span class='ocrx_word' id='word_1_308' title='bbox 527 3990 557 4052; x_wconf 94' lang='lat' dir='ltr'><strong>p.</strong></span> <span class='ocrx_word' id='word_1_309' title='bbox 581 3965 657 4036; x_wconf 87' lang='grc'><strong>399.</strong></span> <span class='ocrx_word' id='word_1_310' title='bbox 694 3959 963 4040; x_wconf 77' lang='grc' dir='ltr'><strong><em>σιιοόαστότατοιι</em></strong></span> <span class='ocrx_word' id='word_1_311' title='bbox 990 3967 1100 4032; x_wconf 88' lang='lat' dir='ltr'><strong>Plotin.</strong></span> <span class='ocrx_word' id='word_1_312' title='bbox 1126 3989 1174 4052; x_wconf 91' lang='lat' dir='ltr'><strong>ap.</strong></span> <span class='ocrx_word' id='word_1_313' title='bbox 1198 3967 1314 4031; x_wconf 75' lang='lat' dir='ltr'><strong>liuseh.</strong></span> 
     </span>
     <span class='ocr_line' id='line_1_37' title="bbox 212 4060 1316 4157; baseline -0.001 -24"><span class='ocrx_word' id='word_1_314' title='bbox 212 4065 316 4155; x_wconf 80' lang='lat' dir='ltr'><strong>Prasp.</strong></span> <span class='ocrx_word' id='word_1_315' title='bbox 333 4069 404 4138; x_wconf 89' lang='lat' dir='ltr'><strong>XV.</strong></span> <span class='ocrx_word' id='word_1_316' title='bbox 421 4069 496 4138; x_wconf 81' lang='grc'><strong>862.</strong></span> <span class='ocrx_word' id='word_1_317' title='bbox 513 4070 548 4140; x_wconf 80' lang='grc' dir='ltr'><strong>Β.</strong></span> <span class='ocrx_word' id='word_1_318' title='bbox 578 4060 826 4157; x_wconf 74' lang='grc' dir='ltr'><strong><em>σίσθητότσροιι</em></strong></span> <span class='ocrx_word' id='word_1_319' title='bbox 846 4070 951 4155; x_wconf 91' lang='lat' dir='ltr'><strong>Simpl.</strong></span> <span class='ocrx_word' id='word_1_320' title='bbox 970 4069 1003 4134; x_wconf 94' lang='lat' dir='ltr'><strong>in</strong></span> <span class='ocrx_word' id='word_1_321' title='bbox 1020 4068 1115 4133; x_wconf 87' lang='lat' dir='ltr'><strong>Eneh.</strong></span> <span class='ocrx_word' id='word_1_322' title='bbox 1130 4068 1217 4133; x_wconf 85' lang='lat' dir='ltr'><strong>Xlll.</strong></span> <span class='ocrx_word' id='word_1_323' title='bbox 1235 4067 1316 4134; x_wconf 84' lang='lat'><strong>141.</strong></span> 
     </span>
    </p>
   </div>
   <div class='ocr_carea' id='block_1_3' title="bbox 210 4163 1315 4265">
    <p class='ocr_par' dir='ltr' id='par_1_7' title="bbox 210 4163 1315 4265">
     <span class='ocr_line' id='line_1_38' title="bbox 210 4163 1315 4265; baseline -0.005 -21"><span class='ocrx_word' id='word_1_324' title='bbox 210 4165 402 4265; x_wconf 75' lang='grc' dir='ltr'><strong><em>οἰστότιροι</em></strong></span> <span class='ocrx_word' id='word_1_325' title='bbox 418 4171 534 4239; x_wconf 88' lang='lat' dir='ltr'><strong>Heliod.</strong></span> <span class='ocrx_word' id='word_1_326' title='bbox 551 4171 662 4251; x_wconf 71' lang='grc'><strong>1124,</strong></span> <span class='ocrx_word' id='word_1_327' title='bbox 680 4169 735 4238; x_wconf 89' lang='grc'><strong>88.</strong></span> <span class='ocrx_word' id='word_1_328' title='bbox 762 4163 1078 4262; x_wconf 68' lang='grc' dir='ltr'><strong><em>ιιιραιοιιρτότιροι</em></strong></span> <span class='ocrx_word' id='word_1_329' title='bbox 1094 4170 1221 4256; x_wconf 80' lang='lat' dir='ltr'><strong>Appiam.</strong></span> <span class='ocrx_word' id='word_1_330' title='bbox 1240 4169 1315 4240; x_wconf 82' lang='lat' dir='ltr'><strong>Gir.</strong></span> 
     </span>
    </p>
   </div>
   <div class='ocr_carea' id='block_1_4' title="bbox 0 0 1419 4725">
    <p class='ocr_par' dir='ltr' id='par_1_8' title="bbox 0 0 1419 4725">
     <span class='ocr_line' id='line_1_39' title="bbox 0 0 1419 4725; baseline 0 0"><span class='ocrx_word' id='word_1_331' title='bbox 0 0 1419 4725; x_wconf 95' lang='lat' dir='ltr'><strong> </strong></span> 
     </span>
    </p>
   </div>
  </div>
 </body>
</html>
