2792 4725
277 313 338 380 DE
359 310 546 378 Antucr.
583 308 801 378 IMMOBIL.
834 309 870 374 C.
900 308 944 374 11.
967 307 1050 394 §.2
1149 307 1221 378 800

102 497 204 562 minat
231 496 277 560 De
298 495 427 560 Accent.
459 515 489 578 p.
513 490 589 558 250.
619 485 757 577 εἰιάκηρ
784 489 875 564 scrild
904 500 939 554 ut
967 500 1069 556 cetera
1096 513 1220 578 ¹cayna-

101 590 200 667 ιικιῖ.
244 598 304 661 Ριο
324 591 489 682 ’tursarco
510 598 587 681 apud
610 595 841 680 Theogunstum
855 591 893 656 11.
908 591 1101 658 directius
1117 591 1219 662 'Ald-

103 706 173 786 ζειρ
203 698 316 785 legitur
343 711 475 764 sumtum
508 719 551 764 ex
580 699 691 762 Herod.
723 695 777 761 IV.
809 693 882 760 164.
917 695 968 760 ubi
999 716 1108 758 nomeu
1136 698 1218 782 reffl's

103 804 231 868 Barcaei
253 802 344 888 vulgo
372 796 503 888 Ἀλιὶζιρ
530 801 685 878 scribitur,
717 799 750 864 in
783 798 869 878 codd.
890 793 1054 884 Ἀλαζείρ,
1077 793 1217 886 Ἁλαζήρ

104 901 294 990 ειᾌλιζιὶρ.
345 904 400 968 His
433 904 654 969 adnumeranda
680 913 751 968 nunt
782 901 881 990 χίζειρ
912 901 1063 966 exctieum
1092 902 1214 970 Arrian.

103 1008 149 1071 M.
174 1006 301 1094 Erythr.
324 1028 354 1091 χι.
380 1005 453 1072 149.
478 1017 510 1070 et
531 1010 627 1092 ἕθειρ
655 1007 691 1070 ab
712 1006 815 1090 Etym.
839 1004 973 1080 allatum,
994 995 1118 1088 'praeter
1140 1007 1218 1089 qnod

105 1109 224 1172 nullum
245 1119 305 1184 est,
328 1110 407 1192 qnod
429 1132 496 1174 cum
518 1110 587 1174 aliis
614 1108 761 1173 orationis
794 1107 927 1191 partibus
950 1106 1081 1190 copulari
1103 1109 1215 1192 possitJ

104 1232 143 1276 ac
156 1233 195 1274 ue
209 1210 415 1296 monosyllaba
436 1213 566 1296 quidem,
590 1231 667 1295 quae
687 1231 778 1294 supra
803 1208 956 1285 recensui,
979 1210 1015 1274 ad
1035 1209 1114 1274 hunc
1130 1233 1216 1276 usum

104 1325 175 1397 apta
196 1324 316 1397 praeter
342 1336 432 1379 unum
447 1312 528 1403 χείρ.
571 1315 649 1378 Hiuc
670 1313 799 1397 primum
821 1313 930 1396 pendet
954 1310 1115 1403 αἰτίχειρ,
1139 1321 1216 1402 qnod

104 1417 287 1500 adjectivum
315 1426 363 1481 est
384 1410 556 1506 ιῖιείχερσι
579 1410 729 1503 βόμβοις
750 1413 861 1478 Athen.
890 1414 976 1478 xtv.
1000 1415 1074 1480 030.
1098 1419 1138 1483 Α.
1162 1423 1215 1486 sed

104 1518 280 1602 plerumque
301 1519 488 1582 substantive
502 1519 612 1583 dieitur
631 1513 781 1606 ιῖικίχειρ
798 1511 891 1606 ὁὸλῃ
909 1517 952 1607 κῇ
965 1520 1049 1608 χειρὶ
1069 1522 1146 1590 ἴσοι
1158 1523 1214 1590 dn·

103 1611 257 1703 ια’μειος
286 1619 393 1684 Galen.
417 1619 499 1704 Isag.
523 1622 566 1683 X.
591 1618 665 1685 704.
690 1631 722 1684 et
744 1617 762 1686 0
783 1621 904 1694 κοινῶς
928 1617 1110 1708 λεγόμενος
1131 1649 1215 1712 ιιιιρ-

103 1716 408 1811 aadJJacoEnstath.p.
421 1721 517 1797 1072,
526 1722 581 1788 38.
605 1735 669 1786 tum
690 1723 939 1840 adjectivorum
930 1744 1091 1790 numerosa
1112 1749 1214 1812 ριοει·

103 1826 152 1909 pia
176 1817 353 1915 εἰδικόχειρ,
376 1821 533 1914 α’ριιχειρ,
555 1819 722 1915 αὐτόχειρ,
745 1816 884 1912 ἑξάχειρ,
899 1819 1019 1915 εοχειρ,
1035 1828 1213 1919 καλλίχειρ,

102 1921 323 2016 καρτερόχειρ,
344 1922 522 2016 μοιόχειρ,
545 1919 692 2017 όξοχειρ,
714 1918 888 2045 καχύχειρ,
911 1921 1093 2054 ιριριὶχειρ.
1138 1933 1214 1998 Cum

103 2031 203 2094 forma
224 2031 472 2114 significationem
494 2041 648 2095 mutarunt
668 2022 826 2120 διιςχερής
850 2039 882 2094 ct
904 2025 1056 2120 εοχὲρηι,
1086 2035 1138 2098 sed
1164 2057 1214 2100 re·

104 2133 222 2217 peritur
243 2133 334 2196 etiam
356 2128 502 2222 ἅχειρέες
523 2133 712 2198 Batrachum.
728 2131 804 2198 300.
826 2153 880 2217 Jro
902 2127 1042 2223 ἄχειρες,
1060 2157 1117 2200 uec
1131 2149 1213 2202 mota

103 2245 153 2300 est
180 2234 406 2311 controversia,
437 2231 541 2300 sed'
518 2235 638 2325 αχέρης
666 2235 851 2350 Titeognost
884 2235 985 2300 Cram.
1009 2236 1049 2300 11.
1071 2237 1133 2315 43,
1156 2238 1212 2306 34.

104 2361 167 2403 uon
191 2339 291 2403 minus
313 2349 483 2423 suspectum
505 2360 592 2423 quarn
614 2337 764 2423 proxima,
786 2333 905 2427 α’χέλης
928 2349 958 2405 et
978 2337 1116 2428 οιιέρηι,
1140 2364 1213 2427 qno·

103 2464 170 2507 rum
191 2442 324 2505 omnium
345 2442 521 2506 medicinam
535 2442 693 2526 ancipitem
705 2442 805 2510 reddit
823 2443 980 2507 multitudo
997 2445 1211 2523 remediorum,

103 2546 158 2611 sed
181 2555 324 2611 accentus
345 2545 466 2609 uomina
487 2546 606 2629 propria
630 2545 763 2609 indicare
791 2545 912 2611 videtur
931 2540 1090 2633 Ἀμέλης.
1111 2545 1212 2616 Ἀκέ-

103 2644 348 2733 λης,Υιιε’ρης,
370 2647 499 2730 quaein
521 2648 623 2733 Etym.
646 2648 690 2712 M.
720 2670 750 2733 p
774 2644 828 2711 81.
861 2649 1076 2735 etAnecd.
1080 2650 1208 2717 ,1.180

102 2751 340 2835 conjurguntur,
370 2770 389 2813 a
410 2748 601 2834 Thecguosto
623 2752 748 2815 confusa
778 2772 845 2819 cum
867 2752 1023 2836 adJ'ecn'vis
1051 2750 1208 2841 εὐμενής,

101 2849 277 2937 ridendum,
305 2845 445 2937 ἀφελής.
490 2852 572 2931 Quae
600 2874 675 2917 vero
705 2854 742 2917 ad
769 2855 929 2917 secundam
958 2856 1211 2941 transmigrarunt

102 2954 345 3032 declinationem,
362 2953 553 3018 Grammatici
567 2955 600 3019 in
612 2955 755 3038 exiguum
770 2957 951 3039 compellunt
962 2980 1081 3043 gyrum.
1107 2960 1207 3025 schot.

101 3059 184 3143 Lips.
209 3058 246 3121 ad
267 3055 304 3119 ll.
329 3054 442 3122 1401.
465 3048 696 3146 ἑκατόγχειρον
714 3053 806 3139 (αἰεὶ
818 3059 895 3138 τοῦ)
909 3052 1121 3149 ἑκατόγχειρα
1133 3066 1210 3129 αἰο-

103 3161 212 3235 λικῶς.
234 3158 338 3223 Suidas
354 3152 510 3247 Ἀχειρος
522 3156 608 3227 κακοὶ
628 3155 890 3247 accommanda,
911 3162 976 3225 sive
997 3162 1066 3227 illos
1081 3163 1208 3231 'scholae

103 3266 191 3328 duxit
217 3257 401 3328 consuetudo
432 3266 499 3327 sive
528 3262 709 3344 incolentiae
739 3265 890 3348 cujusdam
920 3264 1004 3327 odor.
1058 3264 1103 3329 Ac
1125 3279 1208 3332 certe

103 3367 247 3433 vocabula
268 3367 355 3453 hujus
379 3376 469 3429 notae
492 3386 554 3429 uon
581 3366 736 3429 admodum
758 3365 935 3449 pervulgata
963 3365 1056 3431 luisse
1077 3368 1209 3434 declarat

103 3469 322 3553 exemplorum,
345 3489 422 3555 qnae
444 3468 681 3543 honerosum,
706 3467 853 3551 pancitas:
885 3460 1094 3557 τειράχειρος
1117 3471 1207 3555 Apol·

102 3572 173 3636 linis
194 3571 348 3655 epitheton
369 3590 418 3653 ap.
440 3570 572 3655 Hesych.
596 3592 624 3634 s.
638 3568 848 3659 Κοιιρίὃιοι,
862 3592 948 3654 quem
963 3570 1103 3635 Libanins
1120 3572 1205 3638 Decl.

101 3675 138 3739 Τ.
151 3674 182 3738 ,1.
205 3672 284 3738 340.
308 3669 502 3761 ιεκριὲχειριι
519 3683 625 3749 voeat3
650 3666 842 3762 δεξιόχειρος
860 3695 879 3737 a
901 3672 1075 3738 Scholiastis
1096 3675 1208 3745 lectum

101 3777 135 3841 iu
157 3776 247 3861 Soph.
270 3776 343 3838 Ant.
354 3773 433 3839 140.
458 3770 623 3864 όξύχειρος
645 3776 722 3859 quod
737 3797 815 3839 unus
838 3776 903 3839 cod.
927 3777 1050 3859 praebet
1067 3777 1140 3863 Lys.
1152 3777 1205 3842 Or.

102 3878 155 3943 IV.
179 3878 262 3956 101,
284 3874 316 3942 8.
339 3868 531 3966 ἠπιόχειρος
553 3873 669 3965 dyeia,
699 3879 777 3961 qnod
807 3877 985 3961 hymnorum
1012 3877 1206 3963 Orphieorunr

102 3981 241 4065 scriptori
264 3981 386 4044 concedi
407 3991 527 4064 potest3
550 3982 602 4044 sed
614 3981 793 4045 Athequ.
804 3980 927 4044 4711).
951 3974 1207 4071 κο1ικα-οιιερ-

102 4080 312 4171 αφρὶζοιισαίι
328 4079 422 4169 manci
439 4071 709 4173 κωθωιόχειροι,
725 4084 805 4149 hand
826 4084 889 4149 scio
906 4106 946 4147 an
960 4096 1092 4168 praestet
1106 4083 1207 4171 οιιερ·

101 4210 182 4273 αφρ.
201 4180 300 4273 ια’ριι,
318 4180 587 4277 κωθωιόχειλοι.
632 4187 795 4253 Praeterea
815 4188 853 4252 ad
874 4186 952 4251 hauc
976 4186 1204 4255 declinationem

130 4289 382 4361 Lodcckkl'crclip.
956 4302 998 4369 14
