2792 4725
776 206 788 236 ἱ

162 295 367 365 oducunt.
384 294 539 363 Annon
557 294 753 362 nrsucsr.
770 296 863 365 ceu.
879 296 1013 365 unm.
1037 298 1115 385 §.a
1150 300 1223 371 eto

61 511 66 517 ·
113 479 199 560 num)
222 474 266 554 cir
286 479 338 547 It.
356 480 399 547 B.
418 476 493 543 480.
516 475 645 545 ἔστιδὲ
667 471 806 545 οἷτςικόν
826 473 916 547 οὕτω
940 472 1158 550 comederem·
1185 504 1222 549 ac

78 664 95 675 -
112 604 152 646 ne
173 592 316 645 accentus
339 581 469 664 quidem,
493 580 542 665 qui
564 580 641 644 idem
664 580 765 644 estin
787 580 908 647 nomine
927 576 1092 670 μερμνός.
1123 585 1223 650 Philo·

111 704 207 769 ponus
230 682 371 769 Stephani
393 677 540 757 Ὀννος
559 683 722 767 pigritia,
752 677 851 757 όννός
872 686 987 771 piger,
1018 685 1122 751 nescio
1143 688 1222 752 unde

112 784 293 872 adjectivum
320 784 511 869 expiscatus,
547 784 606 849 nisi
632 784 711 848 forte
740 806 782 849 ex
809 783 945 852 a‘viculae
973 788 1113 865 nomine,
1144 788 1223 873 qnod

110 899 333 973 paroxytcunm
350 897 399 951 est
414 888 490 971 apud
502 886 671 963 Aelianum,
691 887 876 972 eundemque
894 900 1030 955 tenorem
1046 891 1079 955 in
1091 890 1219 956 Aristct.

110 988 150 1053 Η.
166 988 247 1054 Anu.
265 988 321 1055 lX.
342 987 394 1053 17.
412 986 496 1074 (18.)
513 989 544 1053 1.
569 1010 665 1074 nuper
684 1010 726 1054 ex
743 989 857 1075 aliquot
874 992 958 1056 codd.
978 994 1110 1077 recepit3
1134 1016 1221 1079 quem

112 1091 163 1176 qui
190 1093 227 1156 ad
248 1091 381 1159 ultinmm
404 1103 599 1158 removerunt
620 1092 783 1177 syllabam,
816 1093 881 1157 sine
903 1095 991 1159 duhio
1014 1096 1045 1159 id
1065 1097 1143 1180 quod
1164 1118 1222 1162 usn

110 1193 320 1279 appellativum
343 1205 441 1271 esset,
473 1206 542 1288 ortu
565 1194 745 1279 adjectivum
772 1216 840 1261 csse
865 1197 1067 1262 crediderunt.
1112 1198 1158 1263 Ac
1179 1200 1222 1263 si·

110 1295 224 1360 militer
239 1290 360 1372 Ὄκνος
386 1297 458 1373 ille,
489 1288 575 1382 q'uem
598 1297 784 1381 Polygnotus
811 1297 929 1382 pinxit,
962 1299 1098 1366 aPlinio
1119 1298 1221 1386 Piger

111 1396 222 1477 dicitur
243 1420 303 1464 non
326 1398 463 1486 Pigror,
499 1399 557 1463 etsi
585 1399 659 1463 nihil
687 1400 801 1476 obstat,
835 1401 992 1484 quominus
1020 1401 1108 1466 homo
1135 1401 1221 1487 piger

38 1507 42 1523 “
107 1500 172 1585 ipso
201 1501 266 1565 vitii
294 1503 414 1566 nomine
442 1500 608 1587 appelletur
631 1504 766 1587 μίμνον,
800 1522 837 1565 eo
865 1524 978 1588 genere
1004 1504 1219 1590 metonymiae,

108 1602 186 1687 quod
208 1602 336 1669 Thomas
356 1604 400 1668 M.
424 1604 580 1689 designat:
618 1598 797 1690 φλήναφος
821 1606 878 1671 ναὶ
901 1603 926 1691 ἦ
947 1604 1095 1694 φλυαρία
1119 1606 1175 1673 ναὶ
1199 1603 1219 1673 ό

108 1705 272 1793 φλυαρῶν
294 1701 401 1792 ὥςπερ
424 1704 525 1792 λῆρος
546 1706 604 1772 καὶ
623 1702 646 1791 ἠ
667 1704 816 1793 ληραδία
837 1706 895 1774 καὶ
914 1706 934 1773 ὁ
953 1708 1079 1793 ληρῶν,
1106 1709 1219 1774 etalio

109 1808 177 1875 loco
199 1807 328 1896 λέμφος
354 1799 521 1895 ἡνόραζα
549 1808 606 1875 καὶ
627 1803 811 1895 α’ρσενικῶς
837 1806 856 1875 d
879 1802 1082 1897 νοραζῶδης,
1113 1812 1219 1896 quihus

107 1910 218 1977 similia
239 1922 311 1977 sunt
335 1902 417 1991 ι’ξός,
444 1905 604 1999 ὄλεθρος,
633 1903 739 1999 φόνος
754 1914 830 1993 ³⁸),
846 1907 962 1998 λιμός,
991 1907 1127 1999 λοιμός,
1156 1925 1219 2000 μῖ-

59 2048 63 2057 ·
107 2038 176 2102 μος
191 2012 257 2101 ³⁹),
279 2005 423 2101 φθόρος,
447 2010 596 2101 φλύαρος
609 2020 669 2098 ⁴⁰).
712 2013 756 2077 lta
777 2015 855 2099 quod
875 2016 952 2099 apud
974 2015 1084 2079 Suidan
1107 2015 1219 2101 legitur

105 2117 221 2205 μῶκος
247 2113 266 2183 d
293 2111 494 2206 χλεναστής,
529 2117 561 2182 in
589 2128 742 2181 certamen
769 2118 856 2181 venit
882 2128 983 2182 utrum
1008 2128 1151 2183 accentus
1177 2118 1219 2184 sit

105 2220 277 2286 immutatus
299 2220 378 2285 siout
399 2219 526 2284 Aristot.
545 2219 583 2286 H.
604 2218 685 2283 Ann.
706 2218 730 2283 l.
749 2217 781 2284 9.
805 2220 838 2284 in
860 2221 1014 2285 nonnullis
1034 2222 1121 2306 codd.
1145 2216 1218 2308 μό-

105 2347 170 2394 νον
192 2321 249 2393 ναὶ
270 2324 409 2410 εἴρωνος
431 2322 574 2406 scriptum
596 2334 661 2399 cst,
686 2343 727 2386 an
749 2322 906 2387 cavillator
926 2323 1084 2409 aliqnando
1105 2324 1146 2389 sit
1166 2346 1242 2410 ap·¹
1286 2328 1289 2339 '

70 2421 72 2430 ’
105 2427 233 2514 pellatus
253 2426 369 2513 μῶκος
391 2426 560 2503 cavillati03
592 2446 648 2490 nec
671 2425 758 2517 facile
781 2425 1018 2504 decernas‚‘uhi
1039 2426 1127 2491 homo
1149 2447 1218 2513 per·

86 2531 238 2596 'niciosus
266 2529 385 2615 proprie
418 2523 550 2615 φθορός
563 2530 614 2615 ⁴¹)
643 2529 760 2592 dicatur
788 2540 823 2593 ut
852 2522 1037 2615 ἄνθρωπος
1066 2523 1217 2618 desirate

103 2633 163 2701 aud
192 2629 322 2720 φθοραί
348 2633 454 2696 Liban.
486 2631 570 2696 Dee'l.
601 2631 636 2694 T.
668 2631 720 2694 tlt.
751 2629 827 2696 390.
860 2652 900 2694 an
930 2631 1044 2717 tropice
1073 2625 1218 2720 φθόρος,

103 2757 196 2822 quum
217 2735 393 2821 praesertim
415 2729 574 2821 ὄλεθρος,
601 2735 685 2820 cujus
707 2745 850 2799 accontus
871 2733 968 2818 magis
989 2755 1057 2799 oum
1078 2735 1217 2800 substan·

104 2840 178 2904 tivis
199 2833 347 2926 βόθρος,
374 2835 522 2925 λύθρος,
554 2857 641 2920 qnam
669 2858 737 2900 cum
760 2836 917 2921 adjectivis
942 2832 1118 2924 βλωθρός,
1146 2859 1216 2905 να·

107 2975 319 3016 'm

175 3105 221 3169 38)
244 3104 297 3157 Ηοα
314 3111 399 3157 tumen
421 3105 460 3156 sic
483 3103 563 3172 accipi
586 3107 671 3172 potest
694 3110 725 3155 ut
742 3120 837 3156 carcer
858 3120 903 3171 pro
921 3119 1025 3156 carcerc
1042 3104 1136 3169 diguus
1158 3105 1215 3157 eive

103 3185 263 3263 βόραθρος,
283 3191 349 3258 quod
366 3206 456 3258 parum
474 3197 532 3258 apta
551 3206 608 3242 cnm
626 3191 805 3258 superioribus
822 3192 991 3258 componitur,
1010 3190 1103 3256 quip'pe
1120 3206 1137 3243 a
1152 3206 1213 3242 nan·

103 3285 146 3329 tro
170 3277 361 3329 denominatum
384 3284 415 3329 nt
437 3293 453 3329 a
474 3268 622 3348 quippiam
644 3273 804 3347 φαρμακός,
832 3278 878 3329 sed
900 3284 1008 3328 occentu
1032 3276 1138 3338 eodem
1168 3276 1215 3344 qni

104 3379 181 3431 saepe
199 3370 316 3416 mutatur
333 3379 390 3414 oum
408 3379 516 3428 generez
542 3357 574 3417 τό
592 3359 717 3430 βλέννος,
736 3357 752 3414 d
768 3355 896 3432 pluvie,
913 3361 946 3416 τό
964 3362 1088 3429 οννῖφος,
1105 3358 1216 3415 imc-

104 3439 165 3521 φός,
183 3447 214 3522 τό
234 3447 325 3509 αἶθος,
345 3444 359 3502 d
379 3444 474 3512 ateio,
492 3443 526 3502 τό
542 3439 636 3517 μόνος,
654 3444 669 3501 ό
684 3443 786 3515 μυοός,
804 3447 838 3502 τό
855 3445 952 3516 siper,
964 3441 986 3504 ,ό
1002 3439 1097 3518 κνφός,
1114 3443 1148 3503 rd
1163 3441 1216 3500 uci-

104 3549 167 3604 ρος,
186 3529 202 3588 c‘
219 3532 303 3602 καρός
320 3535 338 3586 i.
358 3551 383 3586 a.
401 3527 503 3602 κωφός,
520 3531 552 3588 τό
570 3530 700 3603 θάμβος,
719 3527 735 3587 d
751 3528 864 3604 θαμβός
880 3533 1002 3585 llnstnth.
1022 3549 1047 3600 p.
1066 3533 1132 3595 906,
1153 3535 1194 3587 55.

173 3638 219 3704 dl)
233 3622 284 3689 'Sic
307 3632 397 3706 φλόαξ
421 3652 512 3689 scurra
536 3638 634 3688 dicitur
658 3643 685 3688 et
708 3637 783 3688 lusus
806 3637 941 3698 scurrilis,
970 3632 1082 3709 ypdlloc
1103 3637 1215 3694 saltator

103 3723 200 3776 Aneod.
223 3739 247 3791 p.
268 3723 312 3775 33.
335 3723 398 3790 (nisi
421 3725 506 3790 potins
528 3718 634 3794 γρολλός
657 3720 831 3786 scribendum)
855 3730 882 3774 et
903 3722 1020 3775 saltatio.
1056 3719 1123 3774 Num
1146 3721 1214 3774 forto

104 3807 275 3862 Alexandrini
292 3809 450 3874 grallatores·
463 3811 519 3861 sive
536 3808 661 3880 pandicus
677 3809 716 3859 sic
733 3811 880 3860 vocarunt?

173 3913 219 3980 40)
243 3909 367 3983 Φλοορός
388 3909 465 3980 λόγος
486 3911 621 3964 Plutarch.
645 3911 677 3963 do
699 3911 818 3978 Superst.
838 3910 906 3964 vltt.
926 3912 968 3965 tt.
994 3911 1028 3964 Τ.
1045 3911 1113 3965 Vlll.
1138 3915 1212 3965 codd.

102 3994 230 4068 φλόαρος.
249 3997 342 4050 Pollux
355 3995 401 4048 Vl.
420 3998 481 4054 202.
500 3992 642 4064 θρηνωδός
659 3993 693 4051 ὃν
710 4004 756 4050 καὶ
773 3994 880 4065 θρῆνον
897 3995 1019 4052 taddaeu-
1041 3997 1210 4066 Philoponns=

102 4079 220 4154 Κομπός
236 4084 378 4151 superbus,
397 4079 504 4151 κόμπος
521 4083 628 4134 stridor.

171 4183 219 4250 41)
235 4184 360 4240 Verbalia
376 4185 522 4254 hujusmodi
539 4175 632 4252 όλνός,
649 4182 728 4258 τορός
745 4195 796 4239 etc.
817 4187 849 4238 ah
864 4187 917 4265 hoc
930 4187 1083 4253 quaestione
1098 4187 1193 4239 dicut.
