2792 4725
177 306 251 377 298
521 303 843 372 ntssnnnarto
872 302 932 372 lv.

178 510 243 575 μνη
263 480 445 574 drancio.
487 484 587 549 Draco
607 508 638 570 p.
661 483 716 551 2⁰.
747 506 789 549 ex
811 485 867 549 hoc
889 505 1002 569 genere
1030 484 1119 549 affert
1146 479 1285 575 α’ρχαιά,

179 585 358 673 σεληναλα,
381 584 558 674 οἷμαξαλα,
580 582 770 675 α’ναηιιαιά,
792 584 933 661 εὐνοία,
961 584 1144 675 δραγμαλα.
1191 588 1287 672 Hujus

179 702 280 755 autem
306 690 460 755 doctrinae
481 690 540 755 late
561 711 616 774 per
637 688 809 774 compendia
831 698 935 753 nostra
956 692 1105 773 sparsae¹)
1127 689 1288 773 primordia

179 802 358 877 quaerentes
380 792 524 877 gradatim
554 793 592 855 ad
619 790 869 876 locupletissimos
898 790 1117 855 Grammaticae
1145 802 1287 857 auctores

178 894 363 971 deducimur,
386 893 587 980 Phrynichnm
612 905 644 958 et
663 892 867 977 Apollonium.
912 891 995 956 Illius
1012 892 1086 957 haec
1102 894 1196 957 verba
1212 903 1287 957 sunt

67 1055 71 1067 ,
177 996 212 1061 iu
231 996 307 1081 App.
330 1018 359 1080 p.
380 994 437 1072 22,
459 994 513 1062 28.
545 991 699 1081 οἲλμαλαν
732 993 797 1081 τήν
818 990 934 1081 ἅλμην
956 991 1001 1069 oie
1021 992 1155 1081 Ἀθηνᾶ
1175 990 1290 1081 Ἀθη-

177 1099 273 1178 ναλα,
294 1095 384 1184 πύλη
405 1094 544 1179 πνλαία,
566 1092 637 1184 ὥρα
658 1094 777 1183 ιῖραιά.
821 1096 999 1182 Apollonius
1021 1098 1064 1162 ita
1085 1098 1219 1181 loquitur
1247 1098 1285 1163 de
1372 1152 1379 1165 .

178 1198 383 1286 stupeat,
399 1198 451 1265 18.
474 1200 531 1267 ιιαλ
553 1197 606 1267 ἐπ’
630 1191 813 1287 σ’νομολσσν
835 1195 911 1267 too’
932 1196 988 1267 ὅτι
1010 1199 1210 1287 παραγωγαὶ
1230 1197 1286 1288 μ’·

177 1325 302 1372 νονται
326 1302 412 1369 κατα
445 1304 514 1369 τῶν
541 1298 655 1370 αὐτῶν
684 1300 949 1388 σημαινομένων
979 1296 1022 1376 ὥς
1048 1299 1087 1368 ed
1114 1298 1284 1390 α’ναηιιαίη

81 1408 83 1412 ’
177 1404 235 1472 ιιαλ
254 1400 294 1470 cd
312 1398 490 1481 εὐναίας
507 1398 736 1493 ἐβάλοντο,
749 1405 864 1489 ¹quibus
878 1406 998 1471 tertium
1014 1404 1149 1490 adjungit
1162 1426 1192 1489 p.
1205 1404 1280 1486 57⁰,

177 1506 210 1572 8.
225 1505 389 1593 οἶμαξαλα.
436 1509 494 1572 Sed
509 1507 714 1593 exemplorum
732 1506 806 1571 satis
824 1518 890 1589 σείς
915 1509 1068 1573 videamus
1089 1508 1159 1592 quid
1177 1528 1283 1571 unum·

177 1611 313 1695 quodque
335 1610 435 1675 valeat
456 1611 597 1675 universa
619 1611 715 1695 copia,
739 1633 797 1695 qno
818 1610 925 1675 melius
948 1610 1074 1694 perspici
1095 1609 1209 1695 possit,
1239 1631 1282 1674 ex

177 1712 282 1776 ordine
312 1712 464 1797 disposita.
525 1713 603 1777 Sunt
628 1713 721 1798 igitur
756 1714 876 1777 omissis
906 1711 1060 1798 adjectivis
1094 1708 1224 1778 ιλιιλαλα
1250 1721 1283 1776 et

174 1808 384 1893 ιῖπινιιταία,
405 1835 482 1899 qnae
506 1818 660 1898 postmodo
682 1818 908 1892 manduntur,
938 1814 1066 1879 haeceec
1094 1808 1280 1900 Ἀθηναία,

174 1910 311 1993 duecte,
334 1912 471 1994 α’λιιαία,
492 1914 638 2003 α’λμαία,
661 1916 826 2004 cinericia,
847 1912 1037 2005 α’ναγιιαία,
1062 1910 1194 2005 α’ρχαλα,
1216 1912 1283 1983 αὐ·

172 2017 266 2097 λαλα,
290 2018 471 2109 γαληναλα,
493 2019 629 2110 ηνραία,
652 2019 777 2099 δικαία,
797 2018 987 2110 δραχμαία,
1009 2016 1148 2095 adroic,
1172 2019 1279 2107 euic7

172 2120 274 2211 μαία,
295 2122 425 2209 nepeta,
448 2123 602 2208 λιμναία,
622 2122 816 2209 μελισσαλα,
840 2120 974 2208 οὐραῖα,
997 2120 1133 2210 scepeie,
1146 2144 1282 2209 πιριιιε-
1331 2177 1337 2185 ,

174 2224 317 2314 φαλαλα,
338 2224 549 2316 προνομαλα,
571 2225 712 2312 πνλαλα,
734 2223 906 2313 σοληναλα,
929 2221 1047 2311 σι’ραλα.

642 2397 716 2481 *p
741 2396 773 2462 2.

259 2518 340 2604 Ergo
361 2520 389 2584 si
410 2539 602 2604 numeramus
623 2517 782 2604 exempla,
806 2516 889 2582 nulla
910 2517 1036 2604 reperiri
1057 2527 1158 2604 potest
1188 2539 1279 2584 cansa

172 2621 339 2698 munium
374 2623 428 2688 sed
461 2621 692 2708 ponderantibus
720 2617 865 2684 nonnulla
900 2621 974 2684 adeo
1001 2619 1082 2684 levia
1121 2629 1276 2706 apparent,

172 2734 208 2788 nt
227 2724 332 2809 generi
353 2725 496 2790 universo
517 2725 660 2812 quaedam
689 2722 869 2808 suspicionis
897 2744 972 2790 aura
992 2725 1119 2796 affletur.
1165 2721 1278 2788 Exem-

171 2826 215 2914 pli
235 2848 325 2892 canoa
346 2823 432 2918 οἷρχή
460 2827 572 2912 legitur
593 2827 730 2892 omnibns
759 2825 893 2911 paginis,
923 2846 978 2911 pro
1010 2848 1068 2914 qno
1097 2826 1125 2891 ri
1147 2821 1278 2918 Ια’ρχαιά

171 2929 272 2995 dicere
293 2929 442 3008 licuisset,
464 2930 531 2994 sine
552 2931 641 2993 dnbio
662 2950 756 2992 unum
777 2927 944 2992 alterumve
967 2928 1055 3012 hnjns
1073 2928 1279 3014 productionis

169 3033 355 3118 reperiretur
375 3033 408 3097 in
429 3042 475 3096 tet
495 3032 580 3096 libris
601 3031 774 3118 vestigium,
798 3032 851 3096 sed
873 3040 960 3094 extat
980 3031 1095 3096 nullum
1114 3053 1277 3098 summum·

170 3158 229 3222 pne
242 3137 408 3222 pericnlum
428 3146 488 3212 est,
511 3157 551 3198 ne
572 3134 628 3200 hue
650 3144 745 3198 totum
762 3136 877 3198 nitatur
897 3131 971 3198 falsa
986 3133 1107 3198 Pindari
1127 3135 1276 3222 interpre2

167 3238 284 3302 tatione
315 3237 403 3324 Pyu.
427 3237 480 3301 IV.
505 3235 580 3303 197.
613 3232 739 3323 λιιόμαν
779 3233 925 3326 α’ρχαλαν
962 3233 1112 3324 κομίζων
1147 3236 1276 3325 πατρὸς

169 3339 269 3426 ἐμοῦ,
290 3339 352 3408 ede
373 3338 465 3414 Ζσιλς
490 3333 627 3408 ὤπασεν
646 3333 784 3428 Αἰόλῳ,
806 3336 925 3425 τιμάν·
955 3360 1081 3424 quorum
1114 3343 1274 3408 verborum
1304 3424 1315 3434 .

168 3442 306 3513 ultimum
335 3443 516 3508 Scholiastes
548 3442 742 3528 appositionis
782 3443 869 3506 modo
902 3442 1048 3527 adjectum
1081 3443 1272 3520 existimans,

153 3541 397 3636 παραγώγως,
427 3545 542 3630 inquit,
571 3537 710 3635 ἐξήγαγε
738 3544 802 3631 τήν
825 3539 951 3635 α’ρχην,
975 3541 1019 3620 οἷς
1034 3542 1183 3634 ’Όμηρος
1208 3544 1275 3638 νην

167 3640 321 3735 α’νιέγιιην
335 3644 538 3736 οἷναμιιαλην.
566 3648 625 3714 Sed
637 3649 751 3713 rectius
766 3648 901 3735 Heynios
918 3641 1063 3737 tippulae
1079 3642 1187 3735 capucio
1201 3671 1273 3714 eon-

162 3751 278 3836 jungit,
304 3773 402 3835 neque
423 3751 513 3815 aliter
533 3750 702 3815 Boeckhius
724 3752 828 3825 sentit,
852 3750 902 3835 qui
924 3753 999 3836 qnod
1021 3753 1058 3814 ad
1075 3751 1273 3818 refellendum

167 3852 356 3920 Scholiasten
374 3853 477 3930 addit,
506 3875 525 3916 a
551 3850 628 3938 δίκη
656 3853 775 3936 quidem
795 3850 923 3940 ιλίιιαιος
948 3853 1015 3919 duci
1045 3866 1077 3920 et
1105 3877 1125 3919 a
1149 3849 1273 3942 σελήνη

166 3955 364 4042 σεληναῑος,
385 3957 440 4022 sed
459 3957 496 4020 ah
516 3949 617 4046 α’ρχή,
638 3957 718 4040 qnod
739 3955 935 4041 principatum
965 3958 1134 4044 significat,
1167 3977 1273 4046 propa·

167 4115 376 4131 ..Μ-σ-

170 4217 174 4222 *
237 4195 265 4261 λ)
282 4194 316 4248 V.
334 4195 442 4248 Fischer
459 4196 491 4248 ud
510 4193 580 4248 vett.
598 4194 631 4250 Τ.
649 4194 671 4250 1.
690 4210 716 4264 p·
736 4195 796 4252 1⁰9·
816 4197 947 4254 Sodeeier.
966 4197 1000 4250 ad
1018 4196 1096 4263 λλιος.
1116 4215 1143 4266 ρ.
1162 4199 1233 4254 att„
