2792 4725
108 382 111 386 f
148 276 154 282 ’
199 302 269 371 mn
554 299 876 372 nnsssarnrtc
905 305 976 373 111.¹

198 480 265 571 οήν
284 479 494 572 τραγῳδίαν,
516 492 571 547 aut
589 477 854 571 παιδορᾶστριαν
880 484 1070 551 scribendum
1091 497 1145 552 aut
1165 498 1212 554 est
1232 488 1313 557 scri-

198 589 294 675 ptoris
326 585 421 652 dorici
441 584 579 663 verbum,
613 586 669 670 qui¹
684 587 878 671 paederastac
910 609 1029 653 nomen,
1052 588 1121 655 viro
1143 593 1310 659 convenire

199 688 397 765 meminisset,
419 687 540 751 mulieri
559 687 693 769 minime.
738 687 842 775 Neque
863 690 923 755 alia
943 690 1021 755 ratio
1043 702 1110 770 est,
1131 714 1188 757 cur
1207 694 1310 759 Aelia·

201 814 259 857 nus
280 792 319 856 H.
342 791 422 855 Anu.
446 789 518 853 XV.
546 787 599 854 1⁰.
633 786 658 876 η’
680 790 878 880 προτένθης
900 793 1013 859 dixerit
1041 813 1127 878 quam
1152 795 1221 881 quia
1242 818 1310 861 mu-

200 914 259 959 nus
279 892 336 958 boc
357 892 492 958 virorum
514 902 572 957 est.
617 890 655 955 ln
680 893 841 959 Simonidis
871 894 976 981 Epigr.
1000 894 1092 961 LVll.
1121 897 1215 962 Antb.
1239 897 1306 963 Pal.

200 997 241 1062 V.
266 994 341 1061 159.
370 993 512 1063 Βοίδιον
538 988 697 1084 ηὖλητρὶς
726 996 784 1065 καὶ
811 996 956 1073 Πυθιάς
987 1004 1029 1066 αἴ
1057 992 1134 1065 ποτ’
1155 997 1308 1087 ἐρασταί,

199 1110 382 1186 postremum
402 1096 580 1161 vocabulum
602 1119 676 1175 non,
702 1110 737 1163 ut
757 1100 925 1166 Brunckius
947 1100 1063 1178 statuit,
1087 1103 1308 1168 substantivum

201 1212 248 1267 est
270 1202 323 1265 scd
343 1200 535 1285 adjectivum,
558 1221 616 1285 quo
633 1200 785 1268 Lucienus
807 1204 940 1289 Pbilops.
964 1204 993 1287 §.
1007 1203 1061 1269 15.
1078 1226 1109 1288 p.
1126 1202 1180 1267 43.
1197 1203 1305 1271 T.Vll.

200 1304 329 1391 puellam
351 1301 446 1365 amori
468 1302 631 1385 proclivem
652 1303 789 1389 designat
810 1305 955 1393 ἐραστήν
977 1319 1124 1395 γυναῖκα
1145 1306 1203 1374 καὶ
1219 1302 1308 1396 πρό-

199 1428 324 1497 χειρον,
348 1415 381 1467 ut
401 1416 432 1468 ct
453 1404 605 1469 Heliodcr.
630 1404 697 1468 Vll.
723 1405 775 1472 10.
794 1406 869 1473 271.
894 1408 1036 1495 ἐραστὸν
1056 1405 1131 1497 ἅμα
1153 1410 1209 1477 ναὶ
1225 1434 1308 1498 φορ-

200 1506 263 1598 φὸν
284 1506 503 1595 προςβλέπων
521 1507 598 1570 idem
620 1507 703 1573 valet
725 1509 1033 1598 postponentem).
1084 1508 1159 1599 Τήν
1177 1536 1309 1601 γνωτο-

202 1603 333 1700 φόντην
353 1609 502 1695 Lycopbr.
528 1607 623 1674 1318.
648 1610 706 1674 etsi
723 1610 755 1675 in
771 1610 827 1677 boc
843 1614 994 1680 consentit
1008 1614 1140 1679 codicum
1158 1637 1228 1701 pars
1244 1637 1309 1681 ma·

202 1714 305 1789 xima,
337 1710 442 1776 Critici
463 1723 563 1776 umen
584 1712 774 1777 librariorum
797 1717 895 1781 errori
915 1716 1083 1801 imputant;
1112 1738 1207 1802 neque
1232 1718 1308 1782 adeo

201 1819 331 1906 injuria3
347 1838 424 1882 ⁴nam
440 1836 529 1881 causa
542 1816 729 1902 figurationis
742 1815 824 1881 nulla
838 1829 930 1903 patet.
955 1819 1012 1883 Sed
1024 1819 1222 1907 Sophocleum
1231 1822 1307 1885 illud

202 1922 264 2011 τῆς
285 1910 528 2008 πατροφόνων
550 1939 646 2003 neque
664 1918 814 2003 plausibili
836 1919 1024 1985 correctione
1049 1921 1114 1985 tolli
1136 1944 1233 2007 neque
1255 1933 1308 1987 aut

201 2025 322 2113 synesis
343 2035 395 2089 aut
414 2022 555 2107 cpithcsis
580 2022 702 2086 nomine
720 2022 861 2085 excusari
880 2032 978 2105 potest
997 2023 1170 2108 durabitquc
1191 2025 1306 2093 illustri

201 2132 239 2196 ad
252 2125 415 2194 cavendum
426 2122 575 2209 exemplo,
588 2144 627 2188 ue
639 2144 727 2208 quam
743 2134 880 2208 putemus
894 2144 962 2189 csse
975 2125 1109 2209 regulam
1124 2137 1184 2190 tam
1199 2126 1306 2193 immu-

201 2231 285 2300 tabili
306 2228 486 2295 necessitate
512 2226 717 2301 constrictam,
739 2244 814 2307 quae
832 2245 893 2289 non
909 2225 1064 2311 aliquando
1085 2230 1235 2312 perfracta
1257 2231 1308 2297 sit.

202 2336 249 2400 An
263 2333 398 2399 ultimum
417 2328 537 2394 nomina
549 2328 580 2392 in
593 2314 724 2402 cernon
742 2325 839 2393 solum
856 2328 1008 2450 femininip
1030 2330 1233 2417 adjunguntur
1255 2354 1309 2419 per

203 2437 435 2523 appositionem,
475 2425 643 2517 σαφήνεια
668 2427 834 2518 ἑρμφνεῦς
860 2431 924 2499 τοῦ
955 2455 1067 2519 νομοα
1094 2433 1236 2498 Philostr.
1265 2435 1305 2501 V.

204 2537 295 2623 Sopb.
318 2534 433 2611 1133,
456 2532 531 2600 628.
556 2539 696 2622 ἑρμνρνεῑ
720 2525 885 2622 χρώμεθα
913 2533 957 2626 τῇ
984 2531 1115 2628 γλώττῃ
1137 2537 1246 2623 Synes.
1271 2538 1308 2604 de

203 2642 300 2726 Regu.
328 2660 357 2722 p.
378 2629 413 2706 Ι
438 2637 473 2702 C.
494 2631 555 2723 ἥδε
584 2635 654 2702 τῶν
685 2628 832 2726 μόχθων
858 2631 1008 2730 βραβεύς
1029 2639 1104 2704 Eur.
1134 2639 1202 2704 Hel.
1231 2639 1306 2708 412.

186 2732 256 2808 'scd
276 2743 341 2826 ipsa
363 2739 452 2804 etiam
472 2739 624 2803 interdum
645 2738 790 2802 feminina
815 2751 897 2805 sunt.
942 2739 1114 2804 Priscianus
1137 2741 1177 2805 V.
1196 2740 1229 2820 7,
1253 2741 1307 2808 40.

202 2867 232 2931 p.
258 2841 383 2928 144.11)
399 2862 520 2927 parcns
541 2837 560 2906 ὁ
582 2835 702 2929 γονεύς
723 2840 781 2908 καὶ
798 2838 822 2928 ἦ
840 2837 971 2931 φονεύς,
994 2843 1044 2926 qui
1064 2843 1184 2908 videtur
1203 2844 1307 2932 hujus-

202 2946 282 3012 modi
304 2944 450 3028 exemplis
471 2942 527 3006 niti
551 2935 577 3010 oi
597 2941 809 3032 παγκανίστη
830 2943 888 3011 καὶ
907 2939 1098 3032 διαφθορεῦ
1118 2947 1204 3031 Ηίρρ.
1229 2945 1304 3014 682.

203 3049 254 3114 cui
273 3047 416 3114 Matthiae
437 3045 558 3131 apponit
578 3044 642 3131 lpb.
663 3046 700 3110 T.
727 3045 802 3112 585.
825 3041 890 3132 τήν
912 3045 1001 3133 {prin
1014 3047 1134 3136 φονέα,
1158 3069 1233 3133 quae
1252 3070 1307 3114 no·

202 3151 285 3216 mina
305 3149 585 3235 parascbematismo
606 3149 750 3214 feminino
774 3159 878 3214 carent
885 3175 896 3226 3
919 3171 988 3214 nam
1009 3147 1033 3238 ἡ
1054 3145 1237 3238 φονούτρια
1254 3173 1309 3216 no·

202 3253 310 3319 vitium
332 3264 398 3332 est3
426 3251 479 3316 sed
499 3251 650 3315 interdum
670 3253 836 3342 succedunt
857 3252 978 3317 nomina
998 3253 1032 3316 in
1044 3233 1114 3330 ἀ’ξ,
1143 3254 1249 3338 quibus
1278 3266 1310 3320 et

203 3376 255 3420 rcs
278 3365 309 3420 ct
329 3366 415 3421 actor
435 3353 623 3439 significatur
642 3349 706 3440 τήν
731 3347 868 3444 φθόρον
889 3353 985 3420 Arist.
1004 3355 1124 3421 Tbcsm.
1144 3354 1217 3422 535.
1244 3352 1310 3443 τήν

274 3654 319 3721 10)
336 3655 428 3724 Synes.
447 3657 478 3708 ‹lc
495 3656 599 3709 Provid.
612 3650 633 3708 l.
652 3651 737 3711 9811.
756 3654 790 3712 ‘cri
804 3646 1069 3727 τὲ1οττδέραοτὸν,
1087 3658 1222 3726 scripsisse
1238 3660 1309 3713 vito·

204 3747 250 3791 tur
267 3735 392 3810 ripensis.

273 3860 317 3927 11)
335 3860 425 3914 Paullo
443 3869 504 3914 unte
521 3878 546 3928 ρ.
568 3861 626 3919 192.
646 3866 675 3915 a’n
692 3831 841 3917 verbalibus
861 3869 890 3918 a'n
909 3867 1192 3918 immurmurantes
1213 3870 1311 3920 incent-

203 3961 264 3998 τινα
280 3949 401 4014 obliquos
415 3963 494 3998 casus
512 3947 642 4015 conjunge·
657 3948 743 4001 solare
758 3955 840 4004 etr'am
857 3967 917 4003 cum
933 3955 1047 4013 neumis,
1067 3957 1102 4003 ut
1112 3955 1219 4004 victrici
1234 3956 1312 4020 signo

204 4039 254 4086 etc.
275 4032 351 4097 cujus
368 4033 471 4098 pencris
488 4033 604 4099 exempla
621 4035 726 4099 collegit
742 4035 937 4090 Ruddimunnns
954 4037 1066 4091 Grumm.
1083 4038 1104 4090 l.
1123 4040 1149 4100 3,
1169 4039 1194 4091 3.
1214 4055 1239 4108 p.
1248 4031 1310 4094 137.

203 4117 276 4169 Adde
290 4133 411 4184 paupers
429 4117 489 4171 loro
504 4118 598 4172 Juvcn.
614 4118 648 4175 V.
669 4122 729 4176 165.
751 4124 817 4192 quot
830 4123 986 4208 Scholiastes
1003 4127 1193 4196 iuterpretatur
1203 4129 1313 4196 portico

204 4203 282 4253 scrib.
297 4207 416 4269 sparteo.
737 4243 741 4250 -
