2792 4725
298 299 357 366 DE
383 299 576 365 uhtedun
599 297 817 365 lhlthBlh.
848 298 884 364 G.
904 299 928 365 1.
959 302 989 386 ἓ.
1010 299 1042 366 3.
1160 301 1228 368 197

120 505 185 550 νον
200 481 287 547 ldust.
304 503 335 568 p.
349 480 431 560 956,
445 480 476 545 1.
499 475 539 547 τί
559 476 759 571 ἀντίρῥινον
778 493 810 546 et
826 475 1017 568 ἀπόρρινον
1031 479 1099 546 ltus.
1116 481 1226 567 Ephes.

122 586 159 649 de
181 585 262 649 Part.
285 607 316 670 p.
339 584 394 650 36.
424 605 511 669 quam
535 594 693 666 utramque
719 586 845 649 formum
873 583 1032 668 conjunxit
1057 584 1228 669 Xenophon
1270 617 1277 625 ν

125 688 204 774 Cyn.
221 686 272 754 lll.
289 687 324 763 2,
341 685 374 750 3.
398 680 511 771 ἀρινες
532 696 564 750 et
582 680 705 772 ἀρινοι.
735 678 898 772 Ἀκρόθιν
919 685 984 750 sive
1004 681 1146 774 ἀκρόθις
1167 709 1229 752 non

123 790 276 874 reperitur
298 810 395 873 neque
412 789 558 852 Pindarus
574 789 621 851 Ol.
639 789 681 853 Χ.
699 787 753 854 68.
778 783 948 874 ἀκρόθινα
969 785 1075 867 δόσιν,
1098 799 1133 852 ut
1150 789 1230 877 Hey-

124 892 176 956 nio
198 893 313 967 visum,
343 892 397 956 sed
418 888 461 957 τά
483 885 653 976 ἀκρόθινα
680 889 760 954 dixit
786 910 839 974 pro
862 901 1006 955 consueto
1034 884 1231 980 ἀκροθίνια,

125 994 174 1059 eui
196 992 293 1058 simile
316 1004 364 1057 est
384 988 610 1078 ἀσαλαμίνιος
631 1003 663 1056 et
683 984 873 1078 ἀοιιλήνιος
893 993 995 1057 Diosc.
1016 995 1091 1078 Eup.
1113 993 1151 1056 11.
1175 993 1230 1072 61,

125 1097 201 1165 272.
232 1096 310 1180 quod
330 1089 512 1181 ,ἀσπληνος
536 1095 594 1160 dici
621 1093 712 1159 solet.
757 1095 892 1160 Eundem
914 1095 1025 1159 flexum
1052 1082 1162 1161 hahent
1182 1099 1233 1164 od·

120 1199 237 1287 jectiva
258 1199 294 1261 ah
318 1199 352 1263 ἲν
374 1198 537 1282 composita
558 1191 666 1274 ἀϊνσς,
687 1191 811 1277 εάινος,
832 1201 959 1284 ίφινος,
982 1191 1157 1286 ὀλιγόϊνοε,
1178 1201 1233 1266 λε-

96 1335 100 1342 ·
124 1296 275 1376 netum.
306 1299 383 1362 lliuc
402 1299 565 1384 paullulum
585 1299 770 1364 declinantes
787 1301 944 1365 incidimus
962 1323 1021 1364 non
1039 1303 1071 1366 in
1089 1302 1231 1389 Scyllam,

125 1407 178 1470 sed
199 1406 232 1469 in
255 1402 374 1489 Scyllae
395 1412 522 1466 matrem
542 1401 733 1488 Κραταιίν,
757 1425 843 1488 quam
866 1404 1010 1468 invocare
1026 1405 1151 1489 juhetur
1172 1405 1233 1470 Uli·

125 1529 183 1572 xes
206 1507 262 1571 Od.
283 1507 331 1572 M.
356 1501 430 1569 124.
453 1505 620 1590 βωστρεῖν
641 1504 677 1571 dl
695 1506 868 1590 Κραταιίν
887 1505 1017 1593 μητέρα
1038 1509 1099 1593 τῆς
1123 1500 1234 1576 Σκύλ-

124 1613 198 1696 λης,
219 1609 281 1674 lilia
302 1608 366 1692 ipsa
384 1606 674 1692 τεραταδεστίραν
692 1609 925 1692 significatione,
949 1609 1161 1684 declinatione,
1184 1631 1234 1674 ac·
1349 1647 1354 1660 ι

125 1723 228 1778 centu.
273 1710 355 1774 Deos
382 1709 449 1774 sire
470 1710 525 1773 dea
550 1709 743 1793 multipotens
770 1710 1057 1794 perexcellentium
1084 1713 1234 1778 nominari

125 1824 226 1901 potest
247 1810 397 1900 κραταίις
420 1812 471 1876 vel
492 1812 640 1896 adjective
661 1812 713 1874 vel
734 1811 863 1897 proprie,
887 1813 966 1877 sicut
983 1813 1073 1878 herha
1091 1815 1234 1899 quaedem

125 1917 237 1981 dicitur
264 1908 496 2005 χιλιοάιίναμις
524 1912 631 1977 Galen.
661 1913 697 1978 de
725 1913 828 1997 Simpl.
858 1915 936 1979 Med.
962 1914 1043 1980 Vlll.
1072 1915 1131 1996 29,
1160 1915 1231 1982 196.

125 2021 163 2084 Τ.
178 2019 249 2082 Xll.
274 2018 376 2082 Diosc.
396 2018 470 2081 Mat.
488 2016 541 2082 IV.
565 2014 599 2092 8,
623 2013 699 2078 511.
722 2014 815 2080 latine
838 2016 1081 2102 chilindyuomu,
1106 2020 1157 2082 sed
1180 2019 1234 2084 hu·

123 2124 176 2208 jus
198 2121 388 2186 accusativus
410 2121 490 2183 foret
510 2116 700 2204 nuecelone,
722 2129 786 2194 ant,
810 2119 837 2182 si
856 2120 933 2183 forte
955 2121 992 2183 ad
1011 2119 1234 2186 similitudinem

127 2218 444 2312 nominum'Apeu'c,
466 2217 653 2300 Πλαταιίς,
675 2222 829 2300 καλλαΐς,
858 2221 1009 2297 deflexit,-
1027 2221 1233 2309 Kpueocu'dc,

126 2329 179 2393 vel
200 2327 311 2393 omisso
332 2327 394 2390 iota
414 2318 609 2410 Κραταίιία,
633 2323 712 2389 sicut
731 2322 929 2389 Nicomachus
951 2323 1071 2409 scripsit
1091 2326 1125 2391 in
1146 2327 1232 2393 Phot.

127 2432 205 2495 God.
229 2428 439 2493 CLXXXVII.
468 2426 545 2494 239.
578 2426 701 2493 ovidius
730 2428 762 2491 in
790 2437 891 2493 sexto·
907 2448 978 2492 casu
1008 2426 1157 2493 Creteide
1175 2436 1233 2515 ¹¹).

106 2534 161 2597 .Si
183 2543 340 2597 accentum
362 2532 544 2615 quaerimus,
568 2530 757 2593 accusativus
774 2525 945 2615 Κράταιιν
966 2531 1049 2613 (uam
1068 2531 1160 2617 vulgo
1182 2554 1235 2617 pro

128 2636 251 2700 nomine
273 2634 390 2719 proprio
412 2628 569 2717 ac'eipitur)
596 2642 859 2719 properoxytonus
882 2644 929 2697 est
950 2634 1024 2717 apud
1046 2634 1235 2719 Apollonium

127 2749 161 2802 et
181 2737 392 2821 Alciphronem
413 2735 438 2800 l.
462 2733 515 2799 18.
539 2735 783 2819 quemadmodum
805 2733 905 2797 Schol.
924 2734 1002 2799 Ven.
1020 2735 1066 2803 A.
1089 2736 1164 2801 677.
1191 2734 1235 2806 τά

128 2844 177 2913 είς
204 2828 237 2913 a}
261 2830 409 2926 λήγοντα
437 2833 595 2925 καθαρὸν
619 2833 736 2923 μόνας
760 2834 895 2923 θηλοκά
923 2835 1104 2913 ὀξύνεσθαι
1128 2839 1234 2921 θέλει,

127 2945 279 3029 Κριφηΐς
302 2942 567 3026 (εοΝἷιρφηΐε)
587 2942 745 3024 Βρισηῒς·
781 2937 819 3005 τὸ
844 2938 880 3005 tt
901 2935 1068 3026 Κριίταιις
1093 2942 1148 3008 ἐπί
1172 2944 1235 3011 τοῦ

127 3044 249 3132 ανρίον
276 3043 582 3131 βεβαρατονῆσθαι
610 3042 719 3108 δοκεῖ·
756 3039 844 3132 τάχα
872 3042 909 3109 dl
938 3043 994 3111 καί
1020 3043 1121 3109 τοῦτο
1151 3044 1235 3134 πρὸς

128 3140 408 3230 ἀντιδιαστολήν,
437 3164 495 3228 qua
517 3146 586 3227 quid
607 3167 679 3229 opus
702 3146 760 3221 sit,
792 3146 891 3209 minus
912 3145 1060 3229 intelligo.
1104 3147 1180 3213 Nam
1202 3150 1234 3215 in

119 3250 174 3321 Λ.
192 3248 267 3315 597.
291 3247 342 3311 uhi
359 3247 493 3331 loquitur
510 3247 545 3310 de
566 3246 684 3332 Sisyphi
705 3268 780 3311 saxo
802 3244 858 3313 ὅτε
874 3247 993 3333 μέλλοι
1011 3242 1117 3335 ἀκρον
1134 3248 1234 3341 ἀνιερ-

127 3353 281 3443 βαλέειν,
310 3345 383 3416 τότ’
407 3345 667 3437 ἀποστρέψασκε
691 3348 861 3437 κραταιίς,
891 3350 1082 3416 Aristarchus
1104 3373 1236 3436 pronun·

130 3458 269 3521 ciendum
291 3462 396 3517 censet
415 3450 501 3519 κατά
524 3445 703 3539 ανστολήν,
726 3453 781 3518 hoc
803 3464 862 3530 est,
889 3464 923 3516 ut
944 3453 1115 3517 adverbium
1138 3454 1235 3528 simile

128 3562 182 3635 iis,
205 3579 283 3645 quae
302 3558 336 3619 in
353 3544 388 3629 ῖς
406 3557 498 3619 breve
518 3565 645 3630 exeunt,
667 3554 822 3643 λικριφίς,
844 3551 1025 3641 decoctu,
1048 3555 1238 3647 Ptolemaeus

130 3683 206 3725 vero
234 3662 448 3743 interpretatus
476 3667 524 3720 est
550 3652 573 3741 ἦ
598 3656 744 3743 κραταία
770 3650 915 3743 δύναμις
940 3657 1002 3723 τοῦ
1029 3655 1144 3725 λίθον.
1190 3660 1238 3724 llli

130 3765 222 3828 tacite
247 3762 414 3826 assentitur
434 3759 645 3844 Theogpostus
670 3760 702 3822 in
725 3759 859 3825 Crameri
882 3759 995 3823 Anecd.
1021 3759 1058 3823 ll.
1085 3760 1157 3825 163.
1187 3762 1238 3826 ad-

131 3866 237 3930 verhie
259 3876 394 3950 oxytona
417 3862 450 3926 in
472 3849 509 3937 a}
527 3883 708 3948 componens
732 3859 877 3951 ἐγκντίς,
899 3861 1062 3950 σολικρίς,
1082 3863 1237 3952 λικριφίρ,

202 4106 247 4172 11)
268 4105 390 4159 nutum.
410 4104 472 4172 cap.
492 4104 537 4157 vr.
559 4104 583 4172 5.
604 4106 663 4160 our.
690 4106 770 4158 sonu.
791 4062 824 4157 uJ
843 4106 884 4161 ιι.
904 4105 933 4159 c.
959 4122 1019 4159 mm
1038 4104 1165 4159 oratam
1179 4107 1237 4173 αι.

130 4196 217 4260 mine,
241 4208 309 4260 quae
325 4192 428 4261 Scyllae
444 4196 534 4273 scater
541 4192 613 4259 suit.
1036 4222 1038 4228 ι
