2792 4725
134 260 164 397 s'
283 289 342 355 ou
363 286 552 354 nomer.
584 285 798 352 runcum.
822 286 857 353 ο.
877 287 929 353 rv.
958 292 988 373 §-
1007 289 1038 355 a
1058 290 1089 353 4.
1157 288 1228 356 oca

118 465 306 558 διόγνητος,
327 463 535 555 ἦμίθνητος,
557 461 789 553 πολύκμῃτος,
813 461 1056 557 σιδηρότμῃτος
1070 470 1151 553 (cum
1167 490 1229 534 me·

117 574 228 640 tathesi
248 568 510 661 τμῃτοσίδῃρος)
531 562 704 656 ἄγνωστος
710 620 722 651 ,
746 564 908 657 ἄτρωτος,
928 573 979 637 val
1002 574 1093 637 etiam
1115 573 1228 638 diversi

116 665 478 762 ἅδαμος,.ιλυςθανιίς,
501 668 668 760 ὃιόβολος,
690 665 835 757 οίτομος,
853 667 1012 763 νεόγονος
1033 686 1092 739 etc.
1109 675 1227 758 quoii,

119 789 157 861 nt
177 777 332 862 adjectivis
353 778 386 840 in
399 762 468 854 ἶς’,
484 761 539 860 apa,
556 761 620 852 αξ,
650 775 716 839 sive
747 776 840 859 gradu
868 776 934 840 sive
963 797 1076 862 genere
1110 776 1227 861 obliquo

119 902 195 966 opos
217 891 283 956 cst,
306 898 545 963 quoquoversum
580 877 631 943 via
651 887 763 963 pateat.
809 876 911 962 quue
932 881 1027 965 magis
1049 901 1159 965 operae
1182 890 1229 944 est

120 986 281 1048 observare
304 982 455 1046 contraria
479 980 630 1065 exempla,
660 980 692 1043 id
714 981 791 1063 qnod
812 980 912 1044 lacere
934 981 1063 1047 institui.
1109 982 1230 1047 Verba·

118 1084 196 1150 libus
218 1106 300 1149 nuno
322 1085 425 1148 addam
446 1100 633 1167 paronpmon
656 1076 802 1169 α’ργῆτος
823 1082 938 1150 ἐλαίου
959 1083 1026 1149 Νίο.
1045 1086 1136 1151 Ther.
1151 1086 1225 1152 195.

118 1188 197 1271 quod
229 1188 255 1252 si
284 1186 350 1271 qus
379 1206 420 1257 ex
447 1208 480 1250 v.
503 1184 558 1250 98.
581 1196 612 1250 et
633 1184 710 1251 224.
735 1186 785 1248 ubi
809 1182 992 1273 α’ργήεντος
1014 1186 1129 1255 ἐλαίου
1154 1189 1229 1275 legi·

117 1304 183 1369 tur,
211 1289 418 1373 corrigendum
440 1299 541 1372 putet,
573 1309 687 1351 moram
716 1288 805 1351 affert
825 1288 953 1351 alterum
976 1292 1146 1376 exemplum
1167 1287 1229 1378 α’ρ-

119 1394 197 1483 γῆτι
218 1386 323 1460 ἄνθει
342 1415 374 1456 V·
401 1388 475 1455 931·
521 1391 582 1455 sco
601 1413 656 1476 pro
678 1387 810 1479 οίρῃῆτα
830 1390 979 1458 κέλευθοι
998 1392 1121 1478 Oppian.
1148 1394 1226 1481 Cyn.

122 1497 160 1561 ll.
186 1493 261 1559 149.
286 1494 412 1559 Goietos
449 1506 480 1559 et
512 1493 711 1558 Schneiderus
739 1504 823 1557 recte
853 1494 1038 1579 scripserunt
1065 1492 1228 1598 α’ρῳῃντα.
1356 1552 1360 1557 .

118 1600 188 1664 Alia
208 1619 283 1664 vero
305 1597 421 1661 ratione
445 1597 553 1660 nititur
573 1596 794 1681 gentiliciorum
815 1597 1047 1661 masculinorum
1061 1600 1093 1662 in
1101 1591 1147 1687 ’ῃς
1162 1622 1229 1665 cum

119 1701 290 1767 nominibus
319 1700 458 1765 neutrius
486 1702 607 1785 generis
628 1719 742 1762 marem
768 1698 1006 1781 significantibus
1029 1704 1227 1781 constructio,

120 1802 281 1891 μειρακίῳ
301 1801 416 1889 Κρητί
435 1803 552 1867 Conon.
586 1801 677 1867 Narr.
716 1822 743 1864 c.
773 1800 874 1865 XXII.
908 1821 962 1886 pro
991 1823 1049 1886 quo
1077 1806 1228 1871 Maximus

121 1908 252 1973 Dissert.
276 1904 391 1969 XXVI.
415 1903 449 1980 8,
472 1904 526 1970 27.
551 1905 657 1968 maluit
678 1905 833 1988 possesivo
865 1905 909 1967 uti
937 1908 1079 1992 κρῃτικῷ
1107 1932 1231 1995 μειρα-

120 2008 194 2097 κίῳ,
216 2010 293 2074 sicut
313 2007 490 2072 Plutarchus
511 2006 551 2071 V.
578 2006 693 2091 Plrilop.
717 2004 770 2070 Vl.
794 2004 869 2070 445.
899 2005 1079 2092 μειρακίου
1106 2011 1230 2095 Μεγα-

119 2112 357 2193 λοπολιτικοῦ,
380 2113 434 2176 sel
457 2111 561 2175 eadem
583 2129 728 2194 generum
750 2108 870 2194 synesis
891 2110 1001 2173 Achill.
1025 2111 1092 2175 Tat.
1108 2110 1147 2175 ll.
1171 2110 1226 2175 37.

120 2215 176 2280 54.
199 2212 378 2302 μειρακίου
401 2209 544 2301 Φρυγός,
568 2212 680 2296 Geopp.
696 2210 782 2275 XIV.
808 2205 1090 2287 11,1.Λα’κωαος
1107 2206 1231 2301 ὀστρεί-

119 2342 194 2387 κου.
237 2317 340 2403 Neque
362 2316 418 2381 hoc
440 2318 557 2396 solum,
589 2316 641 2379 sed
664 2313 754 2378 etiam
776 2314 898 2378 nomina
920 2315 1032 2400 primae
1054 2316 1230 2383 declinatio·

120 2424 169 2487 nis
191 2421 377 2486 neutralibus
398 2421 519 2505 adjungi
541 2419 659 2484 solent:
683 2411 831 2507 νησιώτῃ
852 2416 1015 2506 μειρακίῳ
1041 2418 1167 2484 Lucian.
1192 2422 1230 2488 do

121 2526 209 2590 Dum.
235 2525 263 2608 §.
287 2523 319 2587 3.
342 2546 372 2608 p.
397 2521 451 2588 92.
475 2523 512 2585 Τ.
536 2521 616 2585 Vlll.
642 2521 705 2587 τοῦ
723 2519 865 2606 Πέρσου
887 2519 1067 2607 μειρακίου
1084 2523 1226 2588 Philostr.

122 2628 178 2713 Ep.
202 2626 312 2689 XLVl.
334 2624 411 2690 935.
435 2624 498 2691 τοῦ
525 2621 788 2710 Ταυρομενίτου
811 2625 991 2710 μειρακίου
1014 2624 1170 2704 lamblich.
1189 2625 1228 2690 V.
1326 2677 1329 2684 .

122 2732 156 2796 P.
180 2729 236 2807 25,
260 2727 333 2792 112.
366 2726 473 2815 (149.)
500 2728 562 2794 τοῦ
596 2725 767 2812 δυστήνου
796 2725 854 2793 καί
892 2725 1084 2813 νομαδίτου
1111 2727 1233 2816 ῃίνουα

124 2834 234 2921 Synes.
260 2832 374 2896 Catast.
399 2851 430 2916 p.
458 2827 533 2893 393.
556 2829 592 2892 Β.
616 2831 675 2893 nisi
705 2829 758 2892 ille
780 2828 970 2915 νομαδικοῦ
995 2831 1126 2914 scripsit.
1172 2832 1231 2896 Set

123 2936 188 3000 ltoc'
197 2939 260 3021 Jam
283 2935 319 2998 ad
348 2933 595 3018 appellativorum
623 2931 762 2995 viciniam
794 2934 965 3010 descendit,
998 2953 1073 3019 quae
1095 2932 1231 3018 singilla-

121 3038 178 3104 tim
202 3039 379 3126 exponenda
403 3036 556 3101 videntur.

638 3227 666 3310 §-
688 3227 722 3290 a.

82 3356 92 3360 '
135 3389 138 3396 ·
214 3349 326 3412 Eodem
353 3347 447 3432 igitur
475 3347 562 3409 molo
589 3345 700 3410 dicitur
730 3345 890 3434 μειρακίῳ
921 3343 1050 3439 πύκτῃ,
1086 3347 1228 3412 Philostr.

123 3451 237 3538 lmagg.
262 3449 353 3514 L.‘ll.
377 3449 431 3527 30,
454 3447 529 3514 842.
553 3445 720 3536 παιδαρίῳ
740 3446 859 3541 τοξότῃ
881 3448 1032 3515 Aristaeo.
1058 3449 1081 3515 l.
1099 3451 1142 3534 Ep
1162 3450 1228 3530 ‚15,

122 3554 178 3620 75.
201 3547 441 3642 μειρακύλλιον
462 3550 728 3638 ἱματιοκλέπτην
750 3553 838 3638 Diog.
862 3552 917 3616 La.
930 3553 983 3618 Vl.
997 3552 1050 3629 52,
1067 3551 1142 3616 339.
1159 3573 1231 3636 quo·

122 3679 191 3722 rum
214 3678 303 3723 cansa
324 3656 356 3719 in
379 3665 483 3741 aperto
505 3665 562 3718 est.
609 3655 668 3718 Sed
694 3655 747 3731 fit,
770 3665 804 3719 ut
832 3676 868 3718 ea
890 3677 1006 3740 quoqne
1029 3655 1228 3730 substantiva,

116 3753 200 3845 ‘quae
221 3781 277 3823 suo
299 3770 331 3824 et
353 3757 473 3844 proprio
494 3757 561 3821 loco
582 3757 679 3842 posita
708 3770 798 3837 sunt,
829 3758 1008 3842 epithetae
1036 3758 1156 3823 diverso
1178 3777 1230 3842 ge·

123 3883 199 3928 nero
227 3856 366 3947 adjuncta
387 3861 534 3937 habeant,
560 3852 692 3948 ἠδαβόῳ
718 3852 892 3946 πνεύματι
913 3861 988 3923 Eur.
1019 3859 1127 3924 Bacch.
1154 3857 1228 3925 129.

123 3957 230 4056 δήκτῃ
252 3960 397 4050 στόματι
416 3963 510 4027 Anu.
537 3964 622 4028 Plan.
646 3985 679 4027 n.
703 3963 778 4030 266.
804 3966 844 4029 ci.
862 3963 1070 4028 Friedemann.
1095 3963 1131 4025 de
1152 3961 1231 4025 Pen-

124 4079 198 4132 tam.
220 4089 251 4153 p.
275 4066 351 4132 318.
380 4070 482 4157 νηΐτῃ
507 4061 738 4154 στρατεύματι
766 4069 919 4133 Memnon.
949 4066 1028 4130 Hist.
1059 4063 1142 4128 Xlll.
1171 4061 1226 4129 22.

124 4171 219 4239 Orell.
266 4171 325 4237 Sed
345 4171 422 4258 quol
438 4168 587 4256 Oppianus
600 4170 678 4257 Cyn.
697 4168 749 4235 lll.
767 4168 842 4236 399.
862 4168 1026 4255 hystricum
1043 4167 1115 4232 (licit
1127 4161 1229 4235 οἷκον-
