2792 4725
187 255 264 325 uan
368 306 373 314 .
504 216 508 236 ’
542 266 863 341 ntssnararto
884 271 950 340 ιιι.

188 434 303 505 lheod.
328 440 463 511 Granum.
485 466 517 533 ρ.
542 446 598 527 66,
620 448 676 517 tu.
698 448 743 520 κά
764 454 812 527 ale
830 438 861 527 e}
876 452 1015 540 θηλοκά
1043 450 1099 521 ded
1118 449 1184 519 τοῦ
1201 431 1322 537 {yuui-

187 562 331 625 φοντοιι,
353 544 446 633 πλήν
465 548 529 617 τοῦ
552 551 641 628 κλεῖς
660 554 717 622 καλ
737 548 904 641 ἀντήρεις,
927 577 1014 640 qoam
1036 554 1174 642 regulam
1197 552 1320 617 Gram-

186 644 318 711 natieua
338 647 372 711 iu
391 652 507 717 dueod.
534 652 636 718 Crem.
660 654 686 719 l.
708 654 784 722 283.
807 657 850 721 ita
871 658 1025 734 informat,
1049 670 1084 722 ut
1104 655 1321 756 maaoulinum

186 744 279 822 κτείς
301 751 589 836 comprehendatur:
612 755 655 823 τά
670 762 718 832 εἰς
737 746 775 832 a}
785 755 1036 848 ἀποστρέφεται
1049 757 1116 848 τήν
1137 785 1180 838 ει,
1204 760 1236 823 εἷ
1254 746 1320 841 μῆ

186 851 257 939 ἔχει
267 846 307 916 ud
327 837 395 920 ἶέν
411 854 455 945 τῇ
468 857 596 947 γαμικῇ,
617 856 709 944 πλήν
735 861 914 939 andeleio,
931 860 1107 937 κατάκλοις
1125 860 1183 929 καλ
1200 848 1319 941 ἀκτή·

185 974 271 1038 ροιρ.
316 955 375 1019 Sed
396 956 498 1041 Etym.
522 958 566 1022 tt.
591 958 665 1037 112,
688 960 743 1027 22.
774 963 853 1029 hune
874 965 1090 1030 nominativum
1124 962 1317 1027 inusitatum

187 1076 273 1131 eoae,
295 1057 431 1141 obliquos
453 1069 554 1122 autem
582 1070 723 1146 uuquam
753 1066 788 1129 ah
819 1078 955 1152 oxytouo
983 1062 1124 1152 darnole
1156 1059 1315 1128 deoliuari

185 1156 357 1243 dietaque
379 1161 558 1243 reprobatur
584 1164 867 1249 properispomeuou
896 1165 1035 1256 ἀιιτῆρις
1064 1169 1147 1233 Suid.
1179 1177 1212 1229 et
1233 1184 1315 1248 pro-

187 1272 414 1345 paroxytouum
439 1266 476 1327 αἱ
500 1254 676 1348 ἀστήριάσς
706 1287 754 1351 ορ.
778 1268 909 1356 Hesyeh.
940 1282 972 1336 et
992 1270 1130 1357 Thuoyd.
1154 1267 1234 1364 vlt.
1244 1261 1312 1329 36.

189 1360 244 1423 Ex
265 1361 351 1424 Eust.
375 1384 405 1445 ρ.
428 1360 505 1439 903,
532 1362 586 1427 51).
609 1362 671 1439 κάς
697 1361 898 1454 ἀοτήρειδας
917 1377 952 1439 ολ
964 1376 1032 1459 μὲν
1046 1370 1101 1438 ded
1121 1370 1185 1437 τοῦ
1208 1362 1316 1435 κάν-

188 1458 330 1547 τηρίάας
351 1461 494 1542 (Romani
517 1466 689 1550 antorides)
712 1483 834 1552 apparet
855 1475 1017 1539 nonnullos
1031 1473 1215 1559 diphthongo
1230 1464 1313 1534 risos

190 1582 274 1639 esse,
297 1583 373 1646 quoa
393 1563 491 1648 Ρορρο
512 1566 549 1628 ad
572 1566 604 1629 h.
627 1567 650 1631 Ι.
673 1568 786 1635 refellit
807 1588 983 1658 argumento
1005 1577 1037 1640 iu
1060 1576 1164 1639 urbem
1187 1583 1310 1649 euute3

191 1684 261 1727 uam
283 1666 361 1747 quod
381 1665 453 1728 dioit
474 1664 561 1741 κλείς
588 1668 709 1733 uuieum
742 1692 809 1737 esse
839 1696 892 1760 per
922 1664 1013 1753 ἒῖδιῖς
1038 1678 1240 1750 declinatum,
1274 1673 1312 1737 id

190 1764 289 1847 ipsum
310 1776 438 1850 negatur
458 1770 495 1831 ah
516 1768 595 1847 illis,
618 1772 667 1855 qui
689 1766 844 1861 ἀντηρείς
865 1777 923 1842 hoo
944 1781 1032 1843 modo
1055 1780 1222 1854 deoliuaut,
1245 1796 1311 1839 ue-

191 1886 250 1948 que
266 1866 380 1950 justior
400 1878 447 1931 est
466 1868 527 1931 ista
553 1872 589 1935 de
617 1875 794 1940 confusione
822 1878 964 1963 adjectivi
991 1876 1141 1969 dirutione
1168 1889 1201 1945 et
1229 1880 1311 1945 suh-

54 2038 57 2041 ,
189 1968 317 2066 emoliri
337 1961 476 2060 ἀντρρις
495 1973 637 2057 auspicio.

614 2095 618 2107 ·
694 2078 780 2159 §.a

275 2171 436 2236 Nominum
464 2172 497 2236 iu
524 2158 589 2247 effi
610 2176 668 2239 duo
698 2190 770 2242 eunt
796 2201 919 2263 genera,
942 2205 1036 2249 onum
1057 2207 1076 2251 a
1096 2187 1212 2272 pariter
1235 2198 1309 2253 ter-

189 2272 325 2352 minatis,
343 2267 650 2360 ἀρχιγραμματεύς,
672 2275 908 2368 ἀροοχαρκοάς,
923 2285 1155 2374 τρισαριστεάς
1169 2290 1304 2353 Rhetor.

143 2392 146 2411 ·
190 2374 247 2436 Gr.
277 2374 313 2436 T.
336 2374 388 2437 lll.
416 2374 450 2438 4.
479 2375 515 2440 Τ.
539 2374 591 2438 tv.
630 2398 659 2459 ρ.
684 2377 758 2443 110.
791 2380 1028 2454 totototo.
1066 2401 1126 2456 eto.
1163 2393 1310 2460 πολυοι-

190 2470 323 2558 ριστοάς
343 2474 480 2539 Eustath.
504 2475 611 2558 opusc.
634 2477 847 2562 ΧΧ111.210,
872 2485 925 2551 70.
958 2490 1086 2556 alterum
1109 2495 1146 2556 ah
1174 2494 1306 2578 impari·

190 2575 247 2653 huo
254 2571 344 2648 Βοός
361 2574 515 2659 κεφαλαί,
531 2577 788 2664 Βοσκιφοιλεύα,
812 2579 1019 2675 Κανόσοαρα
1034 2593 1304 2682 Κονοσσσροάς,

151 2730 163 2748 4
190 2668 479 2761 μολακοιιραοσάς.
518 2677 656 2741 Omnium
677 2690 777 2745 nutem
801 2698 943 2753 aoeeutnu
964 2692 1042 2756 idem
1066 2696 1132 2760 sive
1156 2700 1305 2762 substau-

50 2818 55 2822 .
190 2776 256 2838 tiva
276 2787 358 2851 sunt,
381 2772 542 2862 ἐπιιιριάς
559 2777 705 2844 Ιοσσο.Ν.
721 2781 794 2848 381,
818 2787 854 2849 Τ.
864 2786 888 2849 l.
912 2791 1094 2878 atticumque
1116 2793 1305 2887 ἀρχιέρεως

193 2896 226 2941 v.
250 2874 317 2939 Ast.
341 2878 388 2941 ad.
408 2877 484 2942 Plut.
508 2879 602 2964 Legg.
614 2880 684 2944 ΧΠ.
702 2881 776 2961 947,
790 2885 828 2949 A.
847 2887 1058 2976 λιμοάωριεῑς
1070 2897 1205 2983 Hesyuh.
1223 2899 1305 2974 dvr-

187 2969 347 3064 βασιλεύς
358 2979 472 3042 Aneod.
486 2979 582 3043 teta.
600 3003 629 3064 ρ.
640 2980 735 3058 1009,
758 2984 811 3051 21.
835 2994 1088 3077 παροβασιλαάς
1108 3000 1228 3084 Εοαορ.
1255 3001 1298 3076 V.

189 3073 274 3142 hda‘x.
296 3099 326 3161 ρ.
351 3078 403 3144 53.
419 3075 704 3169 χμικροβασιλοάς,
727 3086 975 3173 φιλοβασιλεύς
1001 3108 1033 3160 et
1052 3101 1128 3182 apud
1144 3102 1302 3184 posteriu-

188 3197 241 3247 τοο
261 3173 528 3266 κατροβασιλοάς
550 3205 605 3268 pro
616 3179 872 3275 βασιλοοιοάτωρ
894 3211 924 3254 v.
942 3192 1044 3260 lleisk.
1061 3201 1109 3263 ad.
1127 3200 1298 3267 Constant.

189 3277 298 3361 Porph.
322 3302 351 3364 ρ.
374 3281 449 3346 833.
473 3285 539 3347 aive
560 3305 577 3348 a
599 3286 715 3350 casium
741 3287 867 3370 obliquis
890 3297 1050 3376 composita
1072 3299 1104 3362 iu
1126 3304 1303 3386 adjectivo-

187 3399 256 3442 rum
277 3391 413 3447 naturam
435 3395 672 3462 convertuntur,
695 3381 925 3474 ἰσοβασιλιάς,
950 3395 1226 3484 μισοβασιλιεάς,Ι
1242 3429 1302 3491 φι-

187 3474 397 3566 λοβασιλεύς,
420 3507 439 3548 a
459 3508 518 3570 qno
538 3487 685 3572 adjeetiva
706 3488 802 3557 forma
821 3503 999 3574 propagatur
1019 3497 1098 3563 Plut.
1111 3501 1150 3567 V.
1175 3506 1297 3571 Aemil.

186 3579 305 3644 XXIV.
332 3580 387 3650 aial
412 3585 566 3672 λέγονται
600 3584 844 3674 φιλοβασίλειοι
877 3595 911 3656 οἱ
937 3595 1155 3680 Μακεδόνες,
1189 3607 1300 3674 miuus

185 3681 240 3746 illa
262 3679 317 3746 hoe
338 3683 404 3752 loeo
425 3690 595 3751 necessaria
616 3709 702 3772 quam
723 3691 977 3777 μεσοβασίλειος
997 3692 1094 3787 ἀρχή,
1115 3707 1196 3785 quod
1220 3707 1301 3772 Dio-

186 3782 276 3866 nysio
296 3783 460 3861 familiare,
488 3799 520 3850 et
539 3787 799 3875 ἑοικοιβασίλειοιι
820 3796 963 3877 unguenti
985 3818 1095 3864 nomen
1116 3815 1210 3887 atque
1235 3832 1300 3875 ov·

184 3879 412 3968 κοβοσίλοιοο,
431 3889 485 3952 sed
505 3890 657 3952 commoda
678 3900 782 3951 tamen
800 3892 835 3953 ad
857 3885 1024 3960 evitandam
1045 3902 1295 3986 ambiguitatem,

184 3983 255 4068 quie
267 3984 502 4072 φιλοβασιλεύς
520 4001 551 4054 οι
563 3991 644 4073 regis
656 3999 806 4052 amantem
820 3992 1294 4092 signifieat‘utoclaadoauede,

183 4095 218 4151 et
236 4103 306 4150 eum
326 4087 377 4172 qui
397 4088 437 4158 ed
455 4082 656 4179 βασιλαάιιο·
668 4099 752 4153 amet
772 4101 806 4154 ut
827 4093 1059 4184 φιλοκύνηγος,
1085 4095 1294 4187 φιλαναλω-
