2792 4725
78 417 84 430 .
175 313 224 393 ot
524 305 926 396 oissnnrnrrorr.
1059 313 1062 320 ’

173 508 288 577 αἰδοῖα
309 504 457 575 bardior
478 505 561 572 Suid.
589 529 644 592 pro
671 525 732 596 quo
759 507 836 592 epod
857 505 1040 595 Hesycbium
1062 507 1185 585 Nu'dc'c
1210 493 1288 576 scriss

173 613 271 691 bitur,
285 624 290 636 ·
303 612 432 702 fortusse
453 631 508 694 pro
530 609 633 685 ἱνίδες
657 610 791 674 κιναιιὶἰ.
811 615 814 622 ’
835 609 948 674 Horum
970 611 997 675 si
1019 612 1222 678 nominativos
1247 613 1286 677 cd

172 716 315 781 amussim
334 713 487 798 tingimus,
509 723 666 798 emergent
681 712 888 799 monosyllaba
904 713 1176 801 brachycatalecto,
1197 714 1289 800 quale

173 829 221 885 est
242 816 313 891 κτίς
332 836 382 901 ep.
405 815 596 900 Apollonium
617 815 650 878 in
670 813 750 878 Lex.
774 815 861 878 Hom.
886 825 918 881 et
938 815 1120 902 Hesychium
1142 839 1169 883 s.
1193 819 1287 884 Κτι-

132 961 142 970 -
172 921 246 1008 «13η,
269 921 321 984 sed
342 918 415 981 baec
438 889 621 981 consuetudo
644 937 754 1003 graecu
776 937 837 980 non
859 917 939 995 fert;
969 917 1069 982 Sobol.
1087 917 1122 982 11.
1141 919 1189 985 Κ.
1204 916 1282 982 334.

106 1071 110 1078 -
172 1021 284 1109 κτιόέη
301 1017 378 1088 κατ’
396 1017 593 1110 όφαίρισιν·
621 1019 706 1094 toric
723 1015 787 1108 ydq
808 1024 900 1086 ἐστιν
919 1016 963 1097 oie
979 1018 1178 1106 Νίκανδρος
1196 1017 1286 1086 ἰκτί-

172 1126 247 1201 όος·
279 1123 319 1191 τό
339 1123 403 1211 γάρ
424 1115 690 1212 μονοσύλλαβον
713 1117 755 1188 τό
776 1113 918 1190 δύναται
941 1117 1021 1190 κατ’
1043 1125 1182 1188 ἔκτασιν
1203 1115 1287 1188 τότε
1352 1104 1356 1118 “

171 1227 259 1298 rucei
287 1224 455 1311 συστολῇ-ν
481 1225 658 1313 λέγεσθαι·
696 1219 775 1290 τότε
796 1224 860 1313 γόρ
886 1223 1069 1293 ἐκτείνεται
1094 1219 1138 1297 oie
1159 1236 1286 1309 κρηπῖ-

172 1331 246 1410 doe,
268 1327 436 1416 ψηφῖδας,
458 1322 537 1394 τότε
559 1328 788 1395 succidisset·
817 1323 914 1414 ‹t’qttst
933 1324 998 1414 yoiq
1020 1325 1058 1392 τό
1077 1323 1140 1400 τίς.
1175 1325 1285 1409 Neque

171 1432 298 1498 tolerari
324 1440 424 1516 potest
450 1431 526 1513 quod
554 1430 628 1513 opud
651 1428 833 1515 Hesycbinm
860 1429 1018 1506 scribitur,
1048 1425 1133 1515 Φρίν
1159 1428 1283 1515 φρένα,

172 1536 225 1601 scd
246 1533 298 1598 ute
319 1534 371 1596 vcl
393 1528 483 1619 φρήν
505 1533 626 1616 scripsit
645 1524 696 1597 vei
719 1524 852 1618 φρόνιν.
896 1528 1002 1621 Σχόόα
1023 1543 1124 1595 nutem
1146 1543 1178 1596 et
1200 1529 1286 1620 cqui-

171 1637 225 1711 όες
247 1647 279 1700 ct
300 1633 408 1700 similia
429 1644 550 1697 veteres
572 1635 638 1698 sine
660 1633 748 1697 dubio
770 1633 953 1718 metaplastis
980 1635 1217 1698 adnumernrunt
1240 1633 1284 1698 si-

173 1751 224 1804 cut
246 1738 421 1802 Eustutbius
446 1757 477 1822 p.
499 1734 582 1812 865,
605 1735 659 1802 32.
689 1733 789 1802 κνίόα
814 1735 937 1820 Oppinn.
962 1735 1030 1798 Hel.
1055 1734 1093 1798 11.
1119 1735 1195 1802 499.
1226 1757 1283 1820 pro

171 1839 306 1928 uvidqo,
337 1842 394 1905 ctsi
415 1840 553 1926 prosodia
573 1840 740 1924 discrepat,
770 1839 880 1902 dietum
903 1859 971 1902 essc
994 1837 1086 1902 sumit
1111 1834 1155 1912 oie
1176 1833 1284 1924 ἰόκην

171 1944 273 2025 ι’όκα,
294 1938 418 2033 κρόκην
437 1935 552 2030 κρόκα.
588 1937 678 2014 Κνός
698 1943 804 2004 urtica
825 1961 886 2004 nou
908 1939 1020 2024 legitur
1042 1939 1100 2003 nisi
1123 1940 1154 2004 in
1177 1939 1281 2004 Gloss.

171 2047 291 2112 Pbilox.
316 2066 412 2133 neque
433 2045 552 2132 probari
570 2044 703 2128 potuisse
725 2053 846 2127 apparet
868 2063 909 2106 ex
931 2041 988 2108 illu¹
1004 2041 1282 2126 argumentatione,

172 2169 229 2234 qua
250 2151 465 2236 nominativum
483 2144 543 2220 Δίς
563 2145 767 2210 ciibintbonc
788 2155 962 2229 usurpatum
983 2145 1146 2229 reprobant
1161 2145 1281 2209 Anecd.

170 2250 266 2315 cett.
289 2273 320 2335 p.
345 2248 441 2314 1194.
487 2245 643 2310 sio-enim
670 2246 838 2330 disputant,
870 2246 1005 2332 obliquos
1034 2247 1122 2332 hujus
1150 2245 1285 2310 nominis

172 2374 260 2417 casus
284 2353 347 2416 iota
374 2371 492 2435 semper
516 2350 610 2413 breve
638 2348 765 2427 bebere,
797 2369 888 2435 quoru
911 2349 950 2415 iis
976 2349 1193 2415 nominativum
1215 2348 1285 2413 lon-

172 2476 241 2539 gum
267 2456 315 2537 (nt
337 2464 384 2519 est
404 2454 514 2518 latinus
535 2454 611 2535 Dis)
636 2454 786 2537 praestrui
812 2474 873 2517 non
895 2474 1000 2537 posse,
1031 2454 1156 2517 brevem
1178 2462 1285 2525 autern

170 2575 339 2658 rqqugnnrc
360 2555 527 2640 analogiae.
557 2555 652 2640 Ergo
674 2555 764 2619 etiam
786 2553 897 2633 κνόόα,
921 2553 1029 2647 σχίόα,
1052 2552 1184 2642 cupidos)
1206 2576 1283 2639 (tuo-

39 2677 42 2683 ’
171 2680 239 2722 rum
263 2658 326 2722 iota
345 2659 438 2723 breve
463 2678 531 2721 csse
554 2658 661 2741 partim
685 2678 727 2723 cx
749 2669 845 2723 metro
867 2668 1005 2743 apparet,
1035 2658 1142 2743 partim
1166 2678 1207 2721 ex
1227 2676 1281 2719 ec·

171 2768 317 2824 centu-ct
338 2762 379 2824 e‘x
400 2769 542 2824 mensura
562 2759 647 2824 latini
662 2761 765 2847 fides,
797 2781 894 2845 neque
916 2780 934 2823 a
956 2759 1070 2823 disemo
1092 2758 1280 2823 nominativo

170 2873 309 2947 repetere
330 2873 493 2947 potuerunt
519 2884 615 2947 nequo
642 2866 678 2928 eb
702 2885 737 2927 co
766 2864 816 2947 qui
843 2874 891 2927 est
917 2860 1005 2925 unius
1031 2861 1192 2946 temporis,
1224 2859 1279 2925 sed

171 2964 348 3062 metaplastn
367 2965 468 3029 dicere
491 2964 587 3028 coacti
608 2976 690 3029 sunt.
735 2962 797 3039 Δίς
821 2976 921 3041 cutem
948 2965 974 3029 si
998 2977 1147 3028 remotum
1170 2962 1279 3041 fucrit,

171 3066 231 3129 duo
258 3066 323 3130 sola
347 3076 465 3131 restant
491 3088 565 3152 puro
591 3066 739 3131 declinata
765 3064 817 3141 κίς
845 3078 876 3133 et
902 3066 953 3143 tte
980 3068 1094 3131 Aneod.
1122 3086 1153 3150 p.
1179 3062 1281 3131 1259.

172 3188 241 3232 nam
262 3168 314 3258 qni
334 3168 370 3231 11.
390 3169 434 3238 A.
451 3167 526 3234 489.
550 3188 604 3253 pro
625 3168 681 3234 λῖν
702 3169 889 3254 scripserunt
909 3166 979 3237 λῑν’
1001 3168 1161 3256 όαρικώς,
1176 3166 1281 3231 coditi

171 3283 234 3362 non
251 3281 333 3334 sunt.
366 3270 562 3336 Accusativus
579 3269 638 3334 itte
648 3271 703 3336 λῖν
721 3270 833 3355 legitur
853 3272 942 3337 etiam
957 3268 1160 3335 uursttaecu.
1178 3267 1276 3332 1174.

172 3368 205 3433 ct
224 3369 353 3435 Tbeoor.
375 3371 459 3436 xttl.
482 3371 515 3437 6.
545 3384 689 3457 sequente
712 3375 868 3458 utrobique
889 3374 988 3439 vocali
1011 3372 1094 3437 nullo
1118 3392 1185 3435 enm
1205 3390 1281 3455 cpo-
1330 3360 1332 3363 ⁵

172 3470 287 3556 stropbi
308 3472 413 3557 signo,
444 3474 640 3559 similiterque
663 3487 720 3540 κῑν
741 3474 883 3539 scribitur
903 3477 1018 3540 Aneod.
1041 3496 1071 3559 p.
1097 3473 1193 3540 1232.
1222 3492 1281 3557 pro

172 3592 230 3655 quo
249 3573 471 3658 Lexioograpbi
492 3577 588 3640 nostri
614 3576 705 3641 meite
729 3574 784 3645 νίν
805 3577 990 3642 substituunt
1017 3586 1051 3639 ut
1077 3587 1116 3641 et‘
1129 3572 1279 3639 Herman-

172 3692 230 3735 nus
260 3675 336 3757 apud
362 3674 532 3760 Euripidem
560 3675 615 3744 λίν
642 3678 750 3754 edidit,
789 3681 949 3763 nitrumque
979 3688 1085 3743 contro
1113 3676 1281 3743 Herodicni

163 3952 261 4017 findo,
292 3954 385 4013 omisso
408 3955 489 4019 signo
510 3928 730 4026 asynptoeofut
743 3958 836 4031 suedo
858 3972 904 4023 pro
927 3954 1073 4029 σφενδόνη,
1098 3932 1208 4025 fungus
1229 3973 1281 4025 nro

171 4034 304 4105 σφόγγοι,
318 4038 393 4104 sollo
411 4056 456 4106 pro
473 4038 591 4105 σφάλλω.
626 4043 738 4096 Indidem
756 4050 814 4095 ortu
823 4042 912 4105 fidet,
926 4040 1019 4106 fibra,
1035 4044 1166 4107 fimbria,
1180 4042 1279 4106 ΝΜ,

164 4122 250 4190 filix,
283 4137 348 4188 quae
371 4139 462 4187 graece
485 4134 590 4196 propter
612 4128 729 4181 roborum
753 4126 946 4179 similitudinem
969 4130 1066 4199 πτιρίτ
1083 4129 1180 4181 dicitur
1204 4122 1281 4185 aldes

30 4286 34 4292 ⁴
170 4201 290 4278 βοτόνρτ
305 4202 402 4276 ductor
418 4207 505 4277 πτερῷ
523 4210 606 4266 Sobel.
626 4213 734 4267 'lbeocn
754 4210 797 4266 tlt.
815 4212 843 4263 3.
910 4216 913 4227 “
