2792 4725
198 354 202 358 -
312 306 770 380 susurrationes.
802 309 839 376 o.
859 309 898 378 11.
929 311 958 397 p.
982 307 1016 378 5.
1154 311 1222 382 rra

104 492 253 583 jungant
284 491 382 581 αἰξή
406 493 488 581 αἶγα
508 491 542 556 in
562 491 710 557 Zenodoti
731 491 853 568 libello,
880 490 1012 582 γλαῦκα
1037 505 1099 556 non
1123 490 1221 558 solum

106 600 143 663 in
164 596 266 662 Sehol.
289 597 374 682 Lips.
397 597 433 661 ll.
448 597 498 664 A.
523 593 597 661 195.
620 617 651 680 p.
671 593 727 672 20,
752 593 804 662 19.
828 596 880 660 sed
903 595 994 662 etiam
1014 593 1047 658 in
1068 593 1219 660 Attium.

108 700 309 786 Theophrasti
330 699 423 762 Char.
445 697 530 763 XVI.
549 695 626 766 ’κάν
646 699 777 786 γλαῦκα
796 696 996 785 βαδίζοντος
1017 691 1125 766 αὐτοῦ
1150 722 1222 764 τια-

108 802 280 893 ραωτῇ4ῐ)
301 796 515 889 ταράττεται.
556 801 676 888 Κρέκα
697 823 753 888 pro
767 801 841 886 κρέξ
856 801 915 866 diei
932 811 1038 866 auotor
1052 789 1099 864 esl
1112 798 1221 874 Eusta-
1249 847 1253 854 -

109 907 192 971 thius
213 929 243 991 p.
262 903 358 982 1528,
379 902 432 969 18.
455 899 522 990 erio
542 904 644 990 νρέκα
666 899 756 990 μετά
777 902 840 970 τοῦ
856 890 886 971 ν
904 903 961 972 καλ
981 901 1081 994 χωρλς
1100 888 1220 978 τοῦν,

109 1010 188 1093 quod
216 1002 434 1095 sejungendum
455 1007 492 1070 ah
513 1008 695 1072 accusativis
717 1005 928 1072 semibarbaris
949 998 1098 1086 νάκταν,
1127 1003 1221 1090 ideoi-
1334 1093 1338 1104 ἢ

109 1110 196 1192 δαν,
222 1112 260 1174 oh
289 1111 508 1181 nominativum
535 1111 571 1174 ah
595 1109 748 1197 llesyohio
775 1119 963 1176 asservatum
990 1108 1091 1200 κέρκα
1112 1103 1221 1196 dupio,

107 1213 160 1296 qui
181 1214 218 1277 ah
240 1215 344 1278 eodem
364 1215 459 1278 verho
480 1211 584 1300 κρέκω
612 1213 760 1299 originem
777 1213 886 1278 hahere
900 1211 1033 1288 ridetur,
1054 1211 1222 1278 stridulum

107 1316 301 1401 significans,
332 1327 510 1380 consuetum
541 1316 677 1380 locustae
707 1314 874 1400 epitheton.
924 1312 999 1400 Τὴν
1022 1313 1145 1382 κτέναν
1165 1333 1221 1400 pro

105 1419 169 1486 τδν
190 1418 293 1486 κτένα
314 1418 393 1483 dixit
412 1417 539 1483 Nonuus
552 1418 632 1502 Epit.
647 1417 687 1481 ll.
711 1417 766 1484 22.
811 1417 916 1502 Neque
938 1417 1035 1484 solum
1057 1414 1122 1504 τήν
1140 1416 1222 1505 φλέ-

106 1524 180 1611 βαν
200 1521 314 1606 legitur
334 1521 442 1585 Galen.
466 1521 499 1586 in
521 1520 607 1606 Hipp.
622 1520 660 1584 de
675 1519 765 1584 lium.
782 1520 806 1584 1.
825 1519 879 1586 29.
901 1519 938 1584 T.
951 1519 1038 1584 XVI.
1063 1516 1105 1587 od
1116 1520 1220 1588 τοῦτο

104 1617 221 1713 μόνον
237 1623 409 1691 δκαλοάοι
422 1623 567 1710 pudeo,
588 1619 726 1690 α’λλά-
738 1634 770 1687 et
783 1624 890 1687 Soran.
906 1624 942 1688 de
961 1623 1101 1688 Muliehr.
1118 1645 1146 1688 o.
1161 1623 1219 1690 22.

105 1751 138 1813 p.
157 1726 212 1793 69.
237 1726 354 1791 Oribas.
375 1725 412 1789 L.
427 1725 537 1789 XLIV.
561 1747 591 1809 p.
613 1722 667 1790 58.
692 1725 741 1789 ed.
756 1725 933 1790 Bussemak.
956 1727 1009 1790 sed
1032 1726 1121 1790 etiam
1142 1726 1220 1810 apud

105 1829 291 1915 llesyohium
309 1829 438 1917 Φλέβαι
457 1827 574 1916 νεῦρα.
619 1826 779 1892 Genitivus
801 1823 905 1914 κήρας
926 1827 1086 1913 aliquoties
1106 1829 1222 1934 legitur

105 1933 186 2018 apud
213 1932 393 2010 inferiores,
421 1939 519 2017 neque
548 1929 703 2014 surrigere
733 1929 824 1994 audet
849 1929 1044 1994 Ruhnkenius
1073 1931 1109 1995 ad
1137 1930 1217 1996 Tim.

104 2058 138 2121 p.
157 2032 211 2099 18.
256 2035 297 2100 Et
317 2037 389 2099 urhs
405 2035 555 2100 Laconica
576 2030 659 2118 Χήν
679 2031 769 2116 Diog.
792 2031 816 2095 l.
840 2029 894 2096 31.
919 2053 938 2096 e
958 2032 1136 2110 Pausania„
1154 2033 1222 2098 hle-1

104 2139 210 2215 ximo,
240 2139 365 2222 aliisque
387 2137 545 2222 pluraliter
569 2134 680 2200 dieitur
699 2133 820 2220 Χῆναι
841 2157 873 2198 v.
895 2135 1033 2200 Holsten.
1056 2135 1092 2200 ad
1113 2134 1216 2220 Steph.

105 2265 137 2328 p.
152 2240 229 2306 536.
246 2241 433 2325 Wesseliug.
450 2240 486 2303 ad
501 2237 589 2303 Diod.
606 2238 703 2304 lineo.
719 2237 757 2301 1..
773 2235 921 2312 [xant.
942 2237 978 2302 T.
993 2237 1046 2304 IV.
1082 2238 1220 2305 Transeo

104 2345 143 2409 ad
159 2342 307 2431 hisyllaha
321 2354 353 2407 et
370 2339 544 2429 trisyllabus
574 2335 686 2428 άρτιαξ
709 2332 857 2429 άρτιαγή,
880 2342 953 2431 ἕλιξ·
967 2339 1070 2431 έλέκιγ,
1092 2341 1220 2431 θρέναξ

102 2441 257 2535 θρινάκη
280 2445 381 2510 Sohol.
403 2445 533 2511 Theoer.
558 2444 623 2509 Vll.
650 2443 724 2509 155.
750 2442 860 2532 ι’λέγγη
882 2438 1068 2533 ονοτροφή,
1093 2448 1220 2535 ἴλιγγος

104 2551 165 2618 καλ
187 2552 249 2626 diei
271 2545 290 2616 δ
310 2547 371 2634 τῆς
392 2546 541 2635 κεφαλῆς
563 2537 745 2633 οκοτιογιός
772 2547 903 2632 Hesyeh.
927 2549 977 2633 qui
1005 2550 1109 2614 eodem
1131 2554 1220 2617 modo

103 2655 325 2737 interpretatur
355 2652 478 2715 nomina
506 2652 650 2740 εἴλιγγος
671 2660 704 2715 et
724 2651 820 2730 εἴλιε,
850 2660 913 2713 tun
935 2651 1068 2739 κέρκωψ
1090 2665 1121 2720 et
1141 2652 1221 2743 κερ-ἑ

103 2751 273 2841 seireff),
285 2754 389 2831 ’πέλιξ
408 2762 443 2819 et
464 2753 594 2840 πελίκη,
620 2748 757 2840 οάμβνξ
779 2762 810 2816 et
829 2745 990 2841 σαμβύκη
1012 2776 1044 2818 v.
1064 2755 1220 2843 Sohweige

101 2859 211 2923 hanes.
234 2859 272 2921 ad
292 2858 405 2922 Athen.
431 2858 468 2922 T.
490 2856 528 2920 11.
551 2856 629 2921 645.
660 2850 780 2943 φάοιγξ
802 2854 964 2944 φυοέγγη,
993 2849 1123 2946 φάλαγξ
1141 2854 1218 2947 'po-

101 2953 228 3052 λάγγη,
250 2982 375 3045 quorum
396 2959 602 3025 diversitatem
618 2959 931 3034 imitanturllomanie
960 2958 1064 3023 hallux
1085 2962 1217 3042 belluna,

102 3066 186 3129 fulix
206 3064 310 3140 fulina,
333 3084 444 3127 nomen
465 3085 484 3126 a
504 3063 586 3125 lumo
608 3071 739 3143 tractum·
760 3071 796 3125 ut
816 3061 922 3147 fuligo,
947 3082 1015 3125 nam
1037 3085 1143 3149 graece
1165 3068 1220 3134 oi⁴
1241 3130 1243 3135 .

101 3176 194 3236 θνια
209 3166 338 3243 dieitur3
366 3165 497 3231 tamarix
514 3164 670 3240 tamarice,
691 3185 804 3230 vomex
818 3164 946 3228 vomica.
977 3165 1091 3230 Deinde
1106 3166 1215 3235 Graeei

104 3269 267 3356 degeneris
283 3270 351 3333 aevi
369 3278 568 3351 susceperunt
587 3263 610 3353 ἠ
635 3262 819 3354 λαμπάδα,
840 3293 861 3353 ιγ
885 3260 1072 3354 ἑβδομάδα,
1093 3280 1124 3335 et
1146 3272 1218 3337 huio'

103 3373 292 3438 nominativo
318 3371 489 3435 consimiles
510 3370 705 3434 reddiderunt
731 3369 865 3454 obliquos
888 3391 975 3435 nasus
1001 3369 1066 3459 τήν
1087 3369 1215 3441 πεντά-

101 3476 180 3564 δην,
201 3471 267 3560 τήν
289 3470 444 3560 δικάδην,
465 3467 530 3557 τήν
550 3467 743 3558 εἷκοοάδνγν,
770 3493 844 3557 quae
867 3473 1024 3537 confertim
1048 3477 1218 3561 suppeditat

99 3579 233 3644 hliehael
253 3577 400 3662 Ephesius
421 3577 454 3639 in
476 3575 515 3640 V.
538 3574 656 3639 Nieom.
677 3597 708 3660 p.
732 3573 785 3639 64.
808 3577 838 3638 h.
861 3577 903 3666 τῇ
925 3574 1083 3668 αἰκοοάδγ
1104 3602 1133 3663 p.
1157 3578 1211 3645 67.

100 3704 132 3747 n.
156 3693 219 3746 ete.
264 3679 309 3745 Ao
331 3701 385 3767 pro
407 3678 528 3769 Γέργις
558 3699 620 3744 non
646 3677 744 3743 solum
772 3678 961 3766 Γέργιθας,
990 3681 1024 3745 ut
1045 3680 1215 3767 Stephanus

99 3848 317 3869 fi--a-t-—fid

170 3957 218 4025 41)
236 3957 289 4013 ttoe
304 3948 439 4029 παραπτῇ
455 3948 486 4010 de
502 3966 559 4009 meo
576 3951 663 4009 addidi
680 3957 804 4024 sequente
819 3940 984 4023 ταράττεται
1000 3957 1178 4011 ohliteratum.

169 4043 218 4108 42)
234 4043 286 4096 Pro
300 4047 428 4115 κέρκωνια
449 4049 535 4095 tanuen
552 4044 655 4097 helian.
675 4043 789 4096 Mun.
803 4042 840 4095 X.
858 4046 901 4096 44.
921 4042 1055 4097 Jaeohsius
1071 4044 1213 4113 κερκάπτν

96 4128 209 4198 ser-ipsit
226 4139 254 4181 et
270 4133 298 4183 iu
315 4128 437 4199 Hesychii
455 4130 541 4195 mussa
556 4124 713 4202 Κερκώπων
730 4127 837 4197 δολίων,
856 4133 995 4199 τεττίγων,
1012 4132 1142 4198 posterius
1159 4131 1214 4183 lor·

95 4224 173 4269 tusse
191 4218 224 4268 od
239 4212 385 4285 κερκωπῶν
399 4216 524 4286 pertinet.

130 4302 245 4357 οοαα.
264 4304 388 4373 ramap.
960 4298 1004 4365 1⁰
