2792 4725
196 295 263 397 nro
384 333 389 350 ¹
551 321 872 391 nrssnnrnrro
901 325 945 394 tt.

197 510 251 573 bet
271 517 303 570 et
323 505 473 570 diversam
494 503 739 581 declinationem,
762 517 837 581 τοῖς
856 519 993 596 πυροῖς,
1019 529 1113 595 ¹queue
1146 510 1183 573 ab
1205 510 1310 598 Etym.

100 684 104 697 Ι
196 612 240 678 11.
264 606 347 686 585,
375 606 430 673 40.
453 607 662 693 metaplastum
689 609 808 692 quidem
833 611 954 692 dieitur,
978 612 1031 677 sed
1060 613 1216 678 confertur
1243 637 1312 680 cum

196 715 249 792 lis,
272 733 348 797 qnae
372 731 427 776 nos
449 711 485 774 ab
507 709 564 774 boc
588 730 715 774 numero
737 710 829 797 longe
850 726 1009 799 segregata
1025 715 1179 791 babemus,
1203 725 1312 784 σταθ

195 814 272 906 μοί,
293 808 451 901 σταθμοί,
469 808 618 900 ἒρετμοί,
638 805 776 900 ἔρεσμιί,
797 815 916 904 μρροί,
937 817 1045 904 μῆρα,
1067 815 1182 898 οἰκίαι,
1207 817 1310 887 οιίιία.

196 922 312 986 Horum
333 917 393 982 alia
414 917 558 981 aliorsum
583 915 755 1000 pertinentp
784 911 880 1005 πσρσί
903 919 1018 1004 plurale
1044 917 1153 1006 επὺρ
1176 921 1310 986 denomi-

197 1035 302 1090 natum
323 1021 444 1087 videtur
463 1022 577 1104 pariter
598 1032 633 1084 nt
652 1015 677 1106 η’
696 1011 803 1109 πυροί.
849 1019 970 1106 ltaque,
1003 1023 1028 1088 si
1050 1023 1155 1106 quibus
1177 1025 1235 1088 dno
1256 1024 1310 1090 illa

196 1124 354 1194 nonsatis
382 1123 564 1189 videbuntur
590 1123 628 1186 ad
661 1122 792 1207 speciem
815 1124 954 1189 tritocliti
977 1126 1212 1205 conciliandam,
1240 1151 1309 1194 cum

195 1221 539 1314 Aristarcbo'oiucpdce
567 1224 701 1289 scribere
724 1225 838 1292 malent
858 1239 976 1292 remoto
997 1228 1202 1312 metaplasmo.
1248 1232 1310 1297 Ve-

174 1351 265 1402 rum
286 1352 334 1408 ea,
361 1349 438 1415 qnae
459 1326 677 1392 nominativum
694 1328 728 1391 in
748 1312 792 1396 αα
813 1330 948 1407 mittunt,
970 1340 1005 1393 ut
1025 1325 1203 1418 πρόβατα,
1226 1334 1309 1399 inter

196 1447 354 1519 utramque
376 1432 605 1497 declinationem
625 1430 799 1507 damnasse,
824 1432 937 1495 nemini
958 1432 1067 1497 mirum
1084 1434 1181 1499 videri
1193 1447 1305 1521 potest.

195 1539 298 1626 Etym.
321 1537 365 1602 tt.
390 1534 466 1612 542,
489 1533 521 1598 8.
543 1525 822 1601 noctemandato
841 1531 981 1609 εὐθείας
997 1535 1058 1623 τῆς
1077 1536 1186 1612 undae·
1208 1531 1306 1624 σ’ίμεα

196 1665 262 1730 σοι’
282 1634 318 1709 dl
329 1632 581 1728 μεταπλασμόιι
598 1636 855 1726 παραδέχεσθαι
873 1633 942 1706 οἷπό
965 1637 1027 1725 τῆς
1038 1631 1200 1726 Ιιιτεσίσοις
1216 1641 1309 1708 doec-

195 1745 269 1832 κῆς,
294 1763 369 1828 qnae
385 1739 546 1807 Herodiani
569 1760 685 1824 quoque
703 1740 761 1804 tuit
782 1742 934 1806 sententia
955 1749 994 1810 π.
1018 1745 1115 1810 Mor.
1139 1765 1169 1828 p.
1194 1742 1247 1830 37,
1271 1743 1304 1808 3.

195 1847 312 1913 Anecd.
335 1845 405 1909 Bar.
428 1844 460 1908 in
485 1843 564 1908 blus.
590 1831 679 1906 (lant.
704 1842 774 1908 Vol.
806 1843 844 1909 11.
869 1843 944 1912 420.
998 1846 1056 1912 Sed
1085 1867 1175 1930 σσσσι
1210 1845 1308 1914 κτέα-

196 1971 260 2018 σοσ
281 1968 425 2033 nusquam
448 1947 638 2034 reperiatur,
667 1946 768 2034 οιτέαρ
791 1960 892 2012 eutem
913 1949 1031 2034 saepius
1054 1960 1136 2012 certe
1158 1951 1234 2034 apud
1256 1973 1308 2034 po·

196 2052 335 2119 sterioris
356 2051 465 2115 aetatis
485 2061 590 2135 poetas
613 2049 716 2130 Quint.
740 2049 793 2114 lV.
818 2050 893 2116 543.
930 2051 1072 2138 Carpbyl.
1099 2051 1155 2138 Ep.
1180 2052 1205 2116 1.
1228 2052 1305 2120 401.

64 2234 66 2241 Ι
195 2155 232 2222 Τ.
256 2154 281 2220 1.
308 2154 465 2219 Macedon.
489 2155 545 2239 Ep.
568 2155 718 2219 XXXlll.
741 2154 817 2222 120.
840 2155 877 2218 Τ.
901 2153 953 2217 111.
981 2154 1110 2239 Gregor.
1135 2154 1236 2220 Carm.
1259 2158 1319 2234 X„

195 2281 227 2346 p.
251 2257 307 2324 82.
329 2258 368 2320 Α.
391 2254 476 2322 XVI.
497 2278 528 2341 p.
552 2256 607 2322 01.
632 2258 668 2323 C.
695 2257 821 2323 XLVll.
851 2279 881 2342 p.
904 2255 978 2321 111.
1002 2257 1040 2320 Α.
1065 2257 1236 2323 credibilius
1259 2271 1307 2325 est

190 2384 217 2440 a
237 2358 347 2447 plurali
373 2356 517 2436 ιιτέατα,
546 2361 631 2445 cnjus
653 2359 824 2445 analogiam
845 2361 999 2445 praestant
1020 2358 1141 2442 δίατα,
1164 2363 1304 2450 φρέατα,

194 2462 320 2532 ιιαίατα
341 2459 458 2545 aliaque
479 2483 498 2527 a
520 2464 622 2528 verbis
644 2465 743 2540 ducta,
766 2464 853 2529 modo
875 2462 989 2532 ιιτίασι
1005 2464 1070 2529 sive
1083 2459 1257 2533 ιισεοίσεσσι
1272 2477 1306 2531 ut

194 2562 370 2636 στειίτεσσι
398 2565 557 2630 formatum
582 2587 663 2643 esse,
691 2568 769 2651 quod
789 2566 965 2632 Eustathius
988 2566 1143 2653 epenthesi
1163 2568 1307 2656 syllabica

195 2671 352 2737 dilatatum
372 2679 458 2753 putat
477 2668 663 2755 p.766,19.
686 2671 775 2733 modo
797 2670 888 2734 etiam
908 2665 1072 2747 ιιτειίσοις,
1096 2671 1180 2755 cnjus
1203 2692 1306 2735 exem·

195 2774 277 2862 plum
306 2784 407 2837 tamen
435 2794 497 2836 non
523 2772 684 2836 succurrit.
737 2771 948 2837 Nominatirus
983 2769 1211 2861 προσώπατα,
1246 2794 1305 2857 quo

195 2877 347 2963 Oppianus
368 2873 394 2938 1.
417 2874 494 2939 418.
517 2874 628 2959 aliique
649 2874 786 2960 supparis
801 2874 908 2941 aetatis
923 2876 1143 2941 versificatores
1158 2875 1304 2963 usisunt,

167 3041 169 3044 .
194 2982 228 3047 in
249 3000 312 3043 uno
333 2977 457 3042 Homeri
484 2978 551 3043 loco
575 2998 672 3062 nuper
694 2980 812 3044 demum
841 2978 879 3043 H.
904 2979 1052 3063 Stephano
1074 2990 1196 3042 anctore
1218 2998 1306 3062 repo-

194 3085 272 3151 situs
294 3093 442 3173 est3lquo
465 3081 595 3145 admisso
618 3081 736 3146 dativus
758 3076 960 3169 προσώπασι
972 3079 1158 3166 metaplasmi
1174 3080 1305 3165 speciem

196 3187 295 3261 exuit,
318 3186 371 3249 sed
394 3184 620 3266 commentipius
633 3184 755 3250 videtur
776 3184 938 3270 singularis
959 3181 998 3250 τὸ
1013 3176 1191 3271 πρόςωπας
1207 3180 1250 3257 οἷς
1265 3184 1306 3250 ed

192 3287 308 3381 γόνος,
329 3285 369 3356 ed
391 3279 503 3376 δόρας,
526 3308 614 3369 quem
636 3287 824 3353 Herodianus
846 3284 1060 3372 Eustpuw,
1084 3284 1137 3349 28.
1163 3285 1233 3349 huic
1256 3307 1305 3351 ca·

190 3395 244 3460 sui
271 3390 465 3479 praescribit3
495 3390 575 3453 unde
604 3390 682 3454 band
713 3390 776 3455 scio
806 3411 845 3454 an
874 3389 1025 3477 acceperit
1053 3386 1153 3453 Sohol.
1176 3386 1213 3450 ll.
1235 3386 1304 3452 Vll.

193 3496 271 3563 212.
294 3490 364 3562 circo*
386 3491 447 3580 τῆς
471 3486 635 3581 πρόσωπα
660 3484 963 3581 (1ο11.πρόςαπας)
989 3486 1128 3564 εὐθείας
1149 3489 1306 3565 adolenda

192 3590 402 3686 coccineae
415 3595 473 3663 καί
484 3588 696 3682 προσώπασι,
720 3597 825 3682 quippe
846 3596 1069 3661 intercurrente
1087 3594 1217 3658 nominis
1233 3615 1305 3658 aeo-

165 3780 168 3784 .
194 3701 247 3767 liei
267 3687 409 3768 ὅππατα
428 3699 585 3763 memoria.
630 3699 842 3763 Praetermitto
868 3698 1007 3764 fictitiam
1035 3696 1212 3782 metaplasin
1241 3687 1305 3762 διί-

86 3866 93 3873 .
193 3825 293 3890 πρασι
314 3812 347 3867 et
371 3800 488 3865 ectasin
511 3799 605 3863 nihilo
626 3801 855 3885 probabiliorem
877 3800 1029 3887 dispectae
1057 3798 1230 3866 duodecade
1259 3794 1305 3873 οἷς

193 3900 234 3973 ‘cd
250 3900 422 3991 ὀνείρατα,
443 3898 656 3989 προςοίπαται
674 3902 775 3969 Scbol.
800 3904 854 3969 Od.
879 3904 903 3968 l.
927 3901 1003 3971 204.
1040 3901 1152 3987 'Neque
1173 3904 1303 3989 ἔγκασι,

194 4006 274 4093 qnod
294 4002 436 4074 nonnulli
451 3995 673 4090 exdyec'cocee
687 3996 1152 4093 contractum'ajuntv.Pt1item.
1167 4002 1301 4069 Gramm.

194 4112 224 4196 ξ.
249 4107 304 4175 64.
327 4105 537 4192 metaplastnm
558 4103 618 4169 dici
637 4118 749 4191 potest,
772 4131 861 4193 quum
883 4113 1009 4199 ἔγκατα
1035 4109 1110 4193 apud
1138 4108 1235 4193 ipsum
1257 4106 1304 4172 le·

121 4223 123 4227 ‘
157 4224 161 4232 '
195 4223 284 4298 gatar
304 4213 468 4281 Homerum
490 4226 601 4273 nomen
622 4208 738 4294 plurale
759 4201 876 4277 tantum
903 4223 939 4278 ut
959 4230 1141 4299 synonyma,
1163 4200 1302 4298 οιήδοια,
