2792 4725
296 339 815 414 nnnnrnor.1nuonrn.
845 341 881 408 c.
904 341 929 409 r.
960 318 993 429 ς’
1011 339 1045 411 ι.
1165 341 1236 410 sos

126 523 214 617 ἅδην
235 527 305 596 σοῖν
327 532 365 594 έν
389 526 437 614 τῷ
451 521 592 612 ,σώματι
615 522 853 611 γεγενημένων
879 520 965 590 lori·
1001 515 1156 600 ὀξύνεται
1177 523 1236 592 καὶ

126 627 309 701 δασύνεται
329 620 529 717 παραλόγως
557 624 600 702 ὥς
626 649 731 714 φησιν
751 623 975 715 Ἡρωδιανός,
1006 629 1032 692 si
1057 629 1235 714 praesertim

126 736 270 800 feminino
292 745 471 818 usurpatur3
506 753 574 795 nam
596 731 741 794 feminina
763 741 897 817 oxytona
920 731 1002 795 nulla
1024 741 1094 795 snnt
1115 743 1238 816 praeter

129 830 261 924 σειρήν,
291 834 342 903 riui
368 836 425 902 ναὶ
451 839 484 902 οἱ
510 829 627 907 οἷδένις
651 825 834 917 α’ρσενιιιώς
855 825 1031 922 λεγόμενοι
1053 830 1138 921 παρ’
1157 829 1235 901 ‘Im‘

125 936 288 1027 πονροέσει
308 935 660 1026 α’ναλὸγοςιλέγονσαι
680 937 725 1000 lu.
748 961 785 1002 π.
803 939 894 1004 Μον.
917 935 969 1012 16,
994 935 1046 1001 18.
1070 937 1235 1002 masculina

126 1056 227 1108 autem
249 1044 307 1107 duo
328 1036 438 1130 αὐχήν
462 1051 494 1104 et
514 1035 610 1126 α’ζήν.
656 1039 755 1120 Quare
777 1039 879 1125 Etym.
901 1039 943 1104 M.
968 1060 998 1123 p.
1022 1039 1083 1118 22,
1106 1039 1160 1104 35.
1185 1062 1234 1104 re-

126 1149 226 1233 gulam
248 1145 324 1208 lano
346 1143 520 1219 constituit,
549 1163 625 1228 quse
647 1141 734 1226 alpha
755 1142 788 1204 in
809 1140 902 1226 prima
923 1141 1052 1206 habeant
1073 1144 1234 1228 eademqne

126 1248 260 1332 eorporis
277 1257 392 1332 partem
410 1245 591 1329 significent,
611 1237 711 1331 α’έήν,
733 1236 828 1329 dclv,
844 1235 966 1334 αὐχήν,
985 1244 1129 1310 declinari
1146 1247 1233 1310 modo

127 1371 249 1426 eorum,
278 1349 406 1434 quaein
428 1335 501 1434 μ’ἠν
523 1347 737 1412 terminentur.

148 1472 153 1484 ’
212 1452 289 1516 flino
314 1451 351 1513 od
378 1449 623 1534 compositionem
649 1458 839 1514 transeamus
865 1450 992 1533 primunr
1014 1451 1234 1538 monosyllabo·

123 1576 211 1630 rnm,
244 1565 307 1618 tum
329 1573 452 1627 eorum,
485 1571 561 1634 quae
588 1551 702 1616 dnobus
730 1551 908 1637 etamplius
932 1553 1055 1639 syllabis
1080 1563 1231 1618 onustant.

124 1658 175 1722 Ex
196 1656 249 1720 illo
270 1675 382 1741 genere
404 1665 452 1717 est
469 1646 566 1740 οἷψήν
587 1653 653 1718 sive
675 1655 774 1739 potius
793 1649 903 1741 ἆψην,
925 1657 1003 1741 quod
1023 1673 1113 1740 supra
1133 1640 1235 1741 posui·

124 1781 210 1836 mos,
235 1768 274 1823 'et
293 1750 486 1845 πολύρῤην,
515 1778 603 1841 quem
625 1757 842 1820 nominativum
863 1779 882 1822 a
903 1757 1037 1822 Passovii
1062 1760 1234 1843 suspicione

123 1861 259 1928 vindieat
279 1870 368 1924 vetos
388 1869 476 1944 poeta
497 1879 545 1942 ap.
569 1859 771 1924 Herodianum
793 1859 814 1922 l.
840 1879 866 1923 o.
891 1881 921 1944 p.
946 1858 998 1924 15.
1024 1882 1091 1925 oum
1113 1861 1234 1926 hetero-

125 1966 198 2029 elito
218 1953 430 2052 έπόρῤηνος,
461 1963 547 2046 eujus
568 1961 792 2025 similitudinem
816 1973 983 2046 sequuntur
1007 1975 1110 2028 uetera
1129 1985 1148 2027 a
1169 1985 1234 2028 mo-

124 2067 292 2154 nosyllabis
313 2068 428 2151 ῥητοῖς
450 2065 630 2149 composita,
654 2057 828 2150 ἅσπήνος
850 2063 1043 2150 (asplenon),
1068 2063 1235 2152 έπέσπλη-

123 2190 202 2244 νος,
223 2159 460 2253 ὑπόσπληνος,
483 2165 683 2254 έπίσφηνος,
706 2163 859 2252 δίμηνος,
884 2155 1104 2254 σελιόμηνος,
1125 2160 1235 2235 πολύ-

124 2295 237 2361 μηνος
259 2269 396 2334 Eustuth.
417 2269 512 2354 Epist.
534 2269 603 2332 XL.
627 2268 707 2344 344,
731 2265 784 2334 33.
809 2289 907 2356 neque
930 2281 1015 2334 extat
1037 2270 1142 2334 horum
1164 2271 1232 2334 ltre-

124 2376 204 2441 vior'
222 2376 319 2438 iorma
346 2385 553 2458 praeterquam
579 2374 612 2436 in
640 2372 740 2436 dativo
767 2367 940 2462 διχόμηνι,
978 2374 1027 2459 qni
1055 2374 1167 2438 ideireo
1195 2372 1233 2438 art

123 2478 303 2561 metaplasla
324 2478 457 2540 refertur
478 2497 510 2560 v.
533 2474 661 2539 Dissert.
681 2473 721 2537 11.
746 2496 773 2539 o.
795 2474 846 2539 Ill.
870 2476 902 2539 4.
943 2476 1160 2562 Bisyllaborum
1182 2477 1233 2540 ba·

123 2591 304 2666 rytonorum
331 2598 423 2641 unum
451 2578 551 2663 ἕλλην
576 2577 645 2641 aliis
667 2579 812 2642 orationis
837 2580 969 2664 partibus
997 2578 1135 2664 subjungi
1157 2579 1232 2663 pati-

123 2694 194 2758 tur,
217 2673 373 2767 α’νέλλην,
394 2677 574 2766 ἡμιέλλην,
595 2680 775 2768 μισέλλην,
799 2682 970 2769 Συρέλλην
991 2694 1050 2747 eto.
1091 2682 1233 2767 Onytona

124 2806 215 2870 quum
227 2794 462 2870 ,romponnntun
481 2794 637 2847 noeentum
653 2794 781 2861 mutent,
803 2784 993 2872 μελλεέρην,
1011 2779 1231 2873 α’ρχιποίμην,

123 2908 203 2971 qnae
224 2887 370 2951 Arcadius
391 2885 491 2949 affert.
528 2886 665 2951 Lexioon
683 2886 794 2951 Herod.
819 2886 929 2950 1..1x.
953 2910 982 2972 p.
1004 2886 1098 2950 1138.
1122 2889 1233 2974 βαρυ-

123 2980 234 3062 υόνος
255 2984 294 3054 τὸ
314 2987 492 3075 μιλλοέρην
514 2985 622 3075 αἶςσιερ
644 2982 795 3076 πυθμήν
816 2984 1005 3077 α’πιλθμην,
1031 2980 1140 3079 αὐχήν
1160 2986 1233 3073 ολψ-

125 3084 254 3179 αύχην·
280 3101 312 3154 et
332 3092 507 3157 Eustathius
528 3094 566 3156 ad
587 3091 622 3155 ll.
639 3092 697 3156 xl.
720 3090 795 3157 633.
820 3088 886 3159 δύω
911 3089 944 3159 δ’
965 3088 1033 3159 6πὸ
1054 3090 1233 3178 πυθμένες
1265 3162 1272 3167 ,
1365 3160 1373 3175 ,

123 3186 227 3281 ἦσαν,
249 3214 339 3277 quum
359 3206 556 3259 memorasset
578 3194 739 3259 nonnullos
757 3190 1006 3282 ὑποπυθμένες
1024 3196 1156 3259 seribere
1175 3189 1234 3281 ὐφ’

126 3304 183 3377 έν,
212 3296 242 3359 itl
264 3306 312 3360 est
331 3291 595 3383 ὑποπυθμένιοι
621 3299 669 3380 (ut
689 3298 892 3382 έλλιμένιος,
916 3289 1099 3383 ἐμμήνιος,
1125 3300 1235 3376 ἐπαυ-

126 3398 239 3489 χένιος
257 3403 334 3481 eto.)
356 3398 386 3461 id
403 3399 509 3463 saltem
528 3393 780 3485 ν’ποπύθμενις
797 3401 984 3465 scribendum
1003 3421 1070 3463 esse
1089 3401 1160 3463 dioit
1180 3399 1234 3467 διαὶ

126 3500 194 3587 την
216 3496 383 3567 σύνθεσιν
405 3498 450 3577 οἷς
470 3497 646 3593 έριαύχινα
666 3525 697 3588 p.
718 3501 799 3579 869,
822 3500 853 3567 8.
879 3498 1095 3586 Ἁπυθμένες
1116 3503 1234 3587 quidem

126 3604 241 3668 editum
263 3614 312 3668 est
331 3604 364 3666 in
380 3604 564 3690 Theognosti
584 3605 721 3670 Canonn.
740 3608 839 3670 Cram.
857 3605 895 3669 11.
917 3629 947 3691 p.
966 3605 1021 3682 66,
1041 3605 1072 3669 5.
1097 3606 1149 3670 sed
1170 3606 1235 3691 ipse

127 3705 315 3770 eontrarium
337 3706 482 3792 praeripit
501 3728 531 3791 p.
555 3706 609 3772 86.
634 3711 781 3797 larytona
802 3730 870 3773 esse
897 3704 1089 3795 α’πύθμην,
1116 3711 1236 3796 βαθυ-

126 3806 297 3895 πύθμην,
319 3805 571 3897 ὀλιγοπύθμην.
610 3810 714 3897 Neque
736 3811 812 3876 alins
834 3823 977 3876 oooentus
998 3811 1139 3876 similium
1160 3813 1237 3897 βρι-

129 3907 277 4001 σαύχην,
298 3906 493 4001 βυσαύχην,
515 3905 782 4003 ναμπυλαύχην,
804 3908 1000 4003 λασιαγχην,
1023 3912 1236 4005 μακραύχην,

129 4011 364 4104 moruorum,
387 4014 607 4104 βουποέμην,
630 4015 892 4104 ψιυέοποέμην,
922 4028 954 4080 et
974 4016 1104 4081 nominis
1125 4018 1237 4101 proprii

128 4116 358 4205 Φιλοποίμην.
401 4120 544 4203 Regulam
572 4120 704 4204 migrant
731 4112 931 4210 λππολειχήν
959 4143 993 4184 v.
1023 4120 1152 4185 Dissert.
1182 4118 1235 4183 Vl.

126 4220 192 4287 σου
214 4221 462 4311 φισυποιμένος
482 4222 592 4288 Aeson.
615 4222 708 4319 Eum.
728 4222 805 4289 911.
833 4224 866 4288 in
888 4244 946 4309 qun
967 4224 1069 4287 nullus
1090 4224 1237 4289 editorum

1004 4338 1073 4403 13*
