2792 4725
175 311 249 381 964
521 310 928 381 11311111110111.

178 494 357 575 communis,
382 490 505 576 quod
480 512 508 557 su
528 490 689 578 Elmslejus
712 494 835 579 negavit
855 492 904 578 (ac
927 514 1053 578 negasse
1074 493 1196 559 videtur
1214 492 1299 558 ller-

175 617 287 662 manno
308 598 344 661 ad
366 595 430 681 lpb.
456 595 494 659 T.
518 593 610 678 344.)
637 595 726 659 facile
747 595 908 673 refellitur.
955 578 1293 663 Terminatioriem—
1234 618 1293 674 ας,

176 723 299 776 mucor,
330 699 401 763 olim
431 696 614 761 affirmavi
604 716 637 760 ιιι
665 718 736 762 casu
768 696 832 783 pari
861 720 928 762 cum
950 709 1059 763 neutro
1085 700 1296 763 consociatam

177 822 245 866 csse
266 803 303 865 ab
324 800 466 885 Euripide
491 798 582 862 Herc.
607 797 682 863 179.
715 800 807 864 sed
796 821 824 865 rs
849 800 934 865 locus
957 822 1037 866 nuuc
1058 802 1171 888 rectips
1193 801 1296 865 inter·

177 903 390 1001 pungitur-uta
398 899 593 999 ffllycor
612 895 804 986 disjungatur
824 925 843 967 a
863 904 1032 990 πλευροῖς.
1075 902 1180 988 Neque
1202 903 1294 988 adje-

179 1006 254 1072 ctivi
274 1006 307 1069 in
328 1029 380 1086 ae,
402 1027 496 1079 ατσς,
520 1004 690 1087 exemplum
716 1006 816 1089 reperi
837 1005 897 1071 uisi
919 1006 996 1089 quod
1018 1006 1051 1069 in
1072 1005 1222 1089 Tbeopbr.
1249 1004 1290 1068 H.

177 1106 225 1171 ΡΙ.
249 1106 315 1172 Vll.
342 1106 374 1183 1,
396 1104 431 1170 4.
457 1109 495 1172 ἐν
524 1118 597 1181 τοῖς
627 1101 767 1181 εύείλσις
795 1107 852 1174 καὶ
881 1101 1072 1193 εὐκράτως,
1113 1128 1188 1192 quae
1210 1106 1294 1171 baud

180 1208 269 1273 dubie
290 1220 363 1273 sunt
382 1219 503 1283 neutra,
527 1208 644 1272 codices
663 1202 822 1295 εὔκρατον
836 1220 867 1273 et
881 1203 1018 1297 εὐκρᾶσι
1032 1210 1186 1295 praebent,
1197 1244 1199 1249 ·
1211 1210 1292 1295 quod

141 1376 145 1383 ,
179 1308 380 1374 Schneiderus
401 1311 438 1374 ad
459 1304 602 1396 εὐνραής
622 1311 719 1374 refert
739 1311 932 1397 persuasione
956 1311 1031 1375 falsa
1054 1312 1208 1377 nominum
1229 1306 1291 1379 εὖ·

181 1434 276 1500 ερας,
296 1408 437 1503 crispae
458 1422 491 1477 ct
506 1413 649 1479 similium
670 1423 759 1479 casus
781 1414 915 1499 obliquos
939 1413 1097 1480 inusitatos
1120 1434 1200 1479 esse.

688 1604 718 1687 J.
744 1602 776 1667 a.

266 1724 455 1810 Adjectivum
475 1724 508 1789 in
530 1707 584 1797 εἷς
612 1743 679 1786 com
701 1722 890 1787 substantivo
912 1734 1020 1788 neutro
1051 1724 1193 1789 Manctbo
1217 1746 1291 1791 con·

175 1828 308 1911 jungere
329 1847 420 1892 ausus
442 1835 489 1891 est
510 1825 562 1890 lv.
585 1823 659 1891 585.
686 1824 764 1915 λέχη
788 1821 991 1906 landuuade,
1018 1828 1103 1912 cujus
1126 1827 1290 1913 singularis

179 1929 377 1995 intolerabilis
403 1931 494 1994 louet.
541 1927 575 1993 ln
596 1928 681 1993 Pauli
703 1926 758 1993 Sil.
780 1928 835 2013 Ep.
855 1927 964 1992 XLlV.
988 1925 1042 1992 85.
1070 1928 1168 1993 T.lll.
1193 1928 1291 1993 Brun-

180 2030 265 2096 ckius
287 2032 379 2096 edidit
400 2024 518 2098 ὅσσιίκι
545 2026 609 2121 peip
643 2023 752 2108 τόξσιο
779 2030 971 2118 παναγρέος
1000 2032 1074 2121 ἴαχε
1099 2026 1205 2118 νεοροὲ
1235 2052 1291 2116 pro

178 2130 410 2222 παναγρετσς,
440 2154 533 2219 eaque
553 2132 690 2197 Jacobsio
720 2132 756 2196 ad
777 2133 871 2197 Antb.
901 2133 963 2198 Pal.
994 2155 1024 2218 p.
1049 2133 1123 2199 149.
1148 2156 1211 2199 non
1232 2135 1290 2197 im·

179 2235 340 2322 probabilis
360 2236 479 2300 videtur
501 2236 683 2310 emendatio,
706 2235 947 2319 inaequalitatem
960 2246 1058 2299 autem
1070 2238 1192 2321 generis
1206 2235 1291 2299 nullo

180 2338 337 2402 confirmat
358 2337 516 2422 exemplo,
536 2358 572 2403 ac
594 2338 723 2402 fortasse
745 2336 856 2402 nullam
879 2360 947 2404 esse
969 2338 1096 2424 putavit,
1120 2338 1290 2424 genitivum

179 2440 266 2503 illum
287 2461 306 2504 a
324 2435 501 2528 παναγρής
526 2440 575 2520 (ut
594 2435 750 2526 εὐαγρής)
772 2450 912 2524 repetens
943 2453 974 2505 et
1002 2442 1059 2505 boc
1080 2441 1148 2506 loco
1169 2452 1200 2506 et
1222 2441 1290 2506 alliis

180 2560 255 2624 quos
277 2541 412 2626 profert,
435 2541 514 2604 nude
535 2541 754 2606 substantivum
776 2536 969 2631 παναγρεύς
1000 2545 1033 2607 in
1054 2544 1169 2608 Lexica
1191 2544 1290 2608 immi-

180 2641 293 2726 gravit.
339 2643 510 2707 Verbalium
531 2643 564 2707 in
591 2630 638 2729 p}
659 2643 750 2706 trium
779 2653 886 2708 extant
914 2648 1051 2731 exempla
1072 2643 1290 2734 α’ριφιτρῆτσς

180 2737 303 2811 αὐλίου
322 2743 448 2808 Philoct.
472 2767 505 2809 v.
530 2745 582 2811 19.
604 2746 711 2833 daupi
737 2745 914 2834 ἐρρωμένῳ
937 2749 994 2814 καὶ
1011 2746 1140 2836 dapem
1162 2748 1207 2837 cpi
1228 2746 1291 2816 σοι’·

180 2869 268 2933 ματι
289 2845 377 2911 Paos.
401 2846 453 2910 vl.
477 2846 531 2924 15,
555 2847 587 2912 3.
619 2859 650 2911 et
678 2848 801 2912 tertium
833 2849 906 2912 illud
936 2849 1024 2933 Sopb.
1048 2850 1098 2936 Aj.
1124 2851 1199 2918 324.
1223 2855 1290 2941 βσ-

180 2959 255 3022 eote
276 2946 538 3035 otdppoupep'ocn,
572 2951 651 3013 unde
679 2949 752 3014 baec
774 2961 837 3014 tom
858 2951 1001 3034 profluxit
1022 2953 1194 3038 disputatio.
1241 2955 1290 3019 Ao

181 3050 364 3134 simplicibus
379 3071 494 3134 quoque
508 3051 584 3115 banc
598 3051 750 3127 licentiam
765 3053 841 3128 dari,
864 3063 985 3137 apparet
999 3075 1039 3117 ex
1057 3045 1132 3118 Ειιί.
1150 3053 1288 3122 111372.

180 3151 301 3235 πένητι
327 3147 471 3238 σώματι,
498 3155 574 3238 quod
596 3155 753 3218 damnatur
774 3153 1041 3218 Grammaticorum
1067 3156 1164 3220 edicto
1182 3157 1288 3244 Etym.

181 3253 224 3316 bl.
249 3251 323 3329 119,
344 3252 399 3319 95.
423 3250 685 3341 ἁμαρτάνουσιν
723 3260 757 3322 σι’
783 3251 1033 3344 προφερόμενοι
1064 3258 1286 3333 πενέστατος·

182 3347 529 3442 α’ττοιρασχημᾶτιστσν
551 3354 615 3446 Jc'p
636 3363 707 3424 ἔστι
727 3353 765 3423 eci
793 3355 898 3442 πένης
924 3357 1106 3447 οὐδετέρῳ,
1138 3363 1215 3445 quod
1239 3361 1291 3445 qui

181 3457 410 3540 pronunciavit,
441 3458 534 3522 multo
555 3461 763 3525 vehementius
783 3454 980 3549 yopco'cepoc
1006 3462 1116 3526 Achill.
1140 3463 1209 3527 Tat.
1234 3463 1287 3528 Vl.

181 3555 214 3618 7.
246 3577 275 3640 ρ.
301 3555 376 3632 137,
405 3559 460 3624 25.
490 3564 659 3645 reJccturus
687 3575 763 3630 crat.
816 3561 1064 3644 Quemadmodum
1093 3575 1195 3629 autem
1231 3565 1290 3632 boc

182 3677 299 3722 canone
321 3657 527 3725 declinationis
550 3662 680 3726 directae
710 3673 867 3748 utrumque
893 3687 987 3749 genus
1009 3689 1068 3731 una
1091 3667 1289 3754 eomprehen-

164 3757 280 3838 ‘ditur‚
303 3757 346 3820 ita
366 3779 385 3822 a
406 3761 512 3837 nobis,
534 3759 585 3825 ubi
607 3764 724 3827 occasio
753 3786 787 3829 se
816 3767 913 3845 dedit,
944 3771 1102 3854 conjuncte
1126 3781 1289 3836 tractatum

183 3869 250 3933 est,
274 3869 306 3921 ct
327 3869 361 3921 ut
381 3861 535 3944 adjectivis
555 3863 832 3948 incomparabilibus
854 3871 994 3935 adverbia
1013 3872 1148 3957 μᾶλλον
1174 3884 1206 3938 et
1225 3865 1290 3959 ἦτ-

183 3980 246 4024 τον
269 3959 400 4024 subsidio
421 3961 568 4037 veniunt,
597 3962 642 4028 sic
663 3985 717 4044 ca,
747 3989 822 4052 quae
848 3993 909 4036 nno
932 3994 1052 4059 genere
1074 3977 1185 4040 autad
1207 3997 1288 4040 sum·

184 4083 265 4126 mum
287 4062 401 4124 duobus
422 4061 636 4143 continentur,
665 4081 806 4138 neutrum
834 4086 1009 4140 mutuantur
1036 4077 1072 4140 ab
1101 4077 1161 4142 alia
1189 4079 1288 4143 forma

184 4167 236 4234 vel
257 4163 388 4251 ejusdem
409 4162 568 4250 temporis,
589 4165 808 4260 ροιλίιιρατος,
836 4173 1058 4268 νιφόβλητος,
1079 4171 1286 4268 θεόδματοι,
