2792 4725
306 284 366 353 nn
393 272 591 351 rnuucc.
618 277 821 352 curuos.
849 286 881 371 p.
904 282 939 353 o.
1133 232 1197 357 ss'
1244 286 1248 295 ’

100 462 132 534 sd
149 463 181 532 di
199 455 369 553 Bistonio,
393 457 508 549 ἐπειδή
531 460 593 529 ode
613 464 681 553 ἔχει
700 460 741 530 cd
759 445 793 543 ἶ,
815 460 948 562 trigeno
970 446 1080 540 alrif.
1121 462 1184 532 No·

101 589 146 653 quc
167 588 233 631 raro
258 566 361 631 endem
386 564 502 629 vocalis
527 575 595 650 post
616 564 831 652 diphthongum
852 591 889 633 αι
911 568 1081 652 reporitnr3
1114 588 1184 633 num

101 692 148 734 nou
167 670 256 735 solum
271 662 420 758 Ἀχαιιάς
441 668 495 731 sed
514 666 605 731 etiam
620 660 748 757 Ἀχαιίς
765 667 887 745 dicitur,
909 680 945 734 nt
958 666 1126 757 chooc'c,
1148 689 1183 735 v.

99 770 211 837 Bocchh.
233 772 269 835 ud
291 770 382 855 Gorp.
404 769 499 833 lusor.
522 767 562 833 N.
580 766 678 835 2⁰42.
701 766 869 857 Kppnocic
890 770 991 836 Auali.
1014 770 1054 836 11.
1076 793 1107 857 p.
1125 768 1181 837 53.

98 896 142 961 pro
160 896 213 959 quo
230 872 395 958 Stephanus
411 862 587 959 Kppspttic
607 870 716 950 adem
743 869 891 948 Kvsocic
912 893 1009 959 nnpcr
1023 872 1185 959 Apollonio
1275 885 1281 895 ⁴

29 1016 30 1019 =
99 977 265 1063 cplcrisquc
292 974 377 1039 lihru's
402 973 550 1038 redditum
574 982 640 1051 est,
671 973 844 1039 Hermanno
872 975 968 1061 magis
995 977 1032 1040 ad
1053 978 1187 1062 Korpin

75 1079 280 1165 spropendcnte
303 1075 394 1161 Orph.
417 1073 492 1159 Arg.
516 1072 591 1141 824.
623 1075 679 1139 etsi
707 1076 784 1141 idem
808 1077 993 1162 Euphorioni
1013 1070 1186 1153 Kucouc'r

97 1180 197 1255 tribuit,
218 1179 295 1265 quod
316 1177 344 1242 si
364 1177 401 1242 ad
423 1188 560 1243 nostrum
580 1177 742 1243 referimus
762 1190 898 1257 sensum,
920 1177 1016 1264 magis
1033 1180 1186 1245 hlanditnr
1270 1253 1273 1258 y

96 1274 234 1369 Kucpt'oic
261 1292 297 1345 nt
320 1270 467 1369 pucpt'nic.
511 1280 568 1344 Sed
595 1289 719 1345 veteres
746 1281 827 1365 ipsos
852 1282 913 1346 clio
942 1290 1076 1367 tempore
1104 1280 1186 1347 aliud

96 1388 220 1471 probasse
242 1383 373 1449 nisinen
394 1383 460 1467 ipsc
485 1403 541 1447 uos
566 1382 706 1460 doceret,
739 1394 841 1448 minen
861 1404 939 1470 vagu
965 1396 1055 1469 atquc
1080 1383 1186 1447 incon·

96 1498 166 1552 stans
195 1486 355 1551 multorum
386 1485 600 1549 vocabulorum
632 1484 781 1570 scripturn
813 1488 1001 1573 perspicuum
1031 1485 1184 1551 redderet.
1240 1490 1246 1497 '

95 1589 252 1654 Eustathius
273 1610 303 1672 p.
326 1585 410 1665 936,
430 1585 487 1652 45.
511 1592 545 1654 ot
565 1585 724 1668 παλαιοί,
752 1589 867 1674 inquit,
899 1580 1039 1675 ῥήτορες
1058 1581 1185 1676 Ἀχαιι-

96 1684 146 1759 uic
163 1714 242 1779 φασι
263 1688 336 1757 δεῖν
356 1685 512 1779 γράφειν,
535 1686 579 1763 uin
600 1689 656 1757 soi
677 1686 854 1779 γυναιικόν
875 1692 934 1759 not
955 1681 1130 1769 δικαιικόν,
1153 1688 1185 1752 in

96 1816 142 1879 quo
161 1804 267 1879 quauta
289 1794 329 1857 sit
350 1792 483 1857 codicum
502 1792 635 1857 varinas
653 1792 724 1857 olim
746 1795 876 1880 exposui
893 1795 931 1857 ad
948 1789 1064 1889 iphryu.
1082 1814 1112 1878 p.
1128 1789 1184 1857 39.

95 1896 292 1981 dupliciterque
318 1906 401 1958 errat
421 1894 581 1979 ElmsleJus
603 1896 639 1959 ad
662 1895 838 1961 Heraeis.
861 1894 917 1961 84.
948 1906 979 1962 et
1003 1896 1080 1981 quod
1099 1887 1187 1959 ἷοιιιί·Ι

98 1999 157 2062 uiuo
175 1998 206 2061 in
227 1982 447 2071 {desinentia
468 1997 591 2061 hrevcm
613 1996 749 2061 vocalem
773 2009 845 2063 ante
867 1997 1110 2063 terminationem
1133 1994 1187 2059 ha·

95 2100 153 2165 hcrc
176 2111 283 2186 negat,
314 2099 424 2164 nhlitns
445 2110 565 2185 practer
584 2099 644 2164 ulia
671 2100 766 2165 multa
791 2099 941 2167 notissimi
961 2098 1092 2164 nominis
1113 2100 1187 2167 Ao·

95 2208 173 2282 scic,
201 2214 232 2267 ct
253 2203 331 2287 quod
351 2201 469 2267 Atticos
491 2202 720 2289 diphthongum,
752 2205 838 2289 cujus
862 2202 1052 2288 subjunctivo
1071 2199 1186 2265 vocalis

96 2305 129 2368 sit
142 2292 173 2386 ἶ,
196 2305 284 2370 citeri
306 2304 369 2370 iota
391 2325 540 2390 nunquam
562 2304 755 2389 praemittere
777 2307 885 2384 edicit,
911 2325 1035 2391 eumque
1057 2304 1094 2370 oh
1116 2321 1187 2368 cau·

97 2427 148 2470 sun
165 2429 216 2492 pro
236 2404 571 2496 Eciflotininauditum
593 2404 729 2497 Eripiente
756 2409 920 2474 introducit
946 2409 1054 2472 merito
1082 2405 1188 2490 explo-

96 2529 150 2573 sum
174 2512 208 2574 ah
234 2510 386 2576 Ellendtio
413 2511 446 2573 iu
473 2509 551 2574 Lex.
580 2510 718 2596 Sophocl.
763 2512 820 2576 Sed
848 2513 922 2576 haec
944 2512 1007 2596 jam
1030 2508 1071 2573 vud
1096 2509 1187 2573 aliam

98 2614 283 2695 quaestionem
313 2612 466 2697 pertinent
495 2613 530 2675 de
561 2612 710 2677 vocalium
740 2615 927 2678 diversorum
958 2612 1185 2697 compositione,

98 2734 158 2797 quac
177 2715 238 2801 ipsa
258 2734 473 2800 nonuunquam
495 2723 632 2780 veterum
655 2729 867 2782 nauseatorum
887 2717 1007 2785 fastidia
1026 2715 1133 2781 movit.
1184 2767 1187 2772 .

588 2891 617 2975 §-
640 2890 673 2956 c.

167 3027 295 3092 Primum
318 3028 427 3092 docent
450 3026 624 3102 Homerum,
648 3029 705 3094 etsi
726 3023 884 3116 Ἐρέβευς
905 3027 1021 3091 diceret
1043 3036 1075 3091 et
1095 3016 1185 3113 θάρ-

102 3149 170 3210 onoc,
189 3141 287 3194 tamam
318 3129 491 3216 repudiasse
524 3129 631 3205 deicae
659 3143 690 3196 et
719 3129 848 3205 ccciccc
869 3126 923 3197 dcci
944 3127 1009 3215 τήν
1028 3151 1188 3214 κακοφω-

103 3227 164 3295 uiur
176 3234 233 3318 τῆς
249 3230 452 3320 ἐπαλληλιάς
465 3233 529 3300 τοῦ
549 3219 688 3302 {Senot
704 3232 906 3298 veuxvu.
920 3232 1034 3296 Auecd.
1046 3254 1076 3317 p.
1088 3230 1184 3298 1299.
1314 3297 1316 3303 ,

104 3341 171 3415 atquc
196 3337 231 3398 oh
260 3337 385 3399 eandem
416 3336 562 3400 rationem
594 3335 727 3399 Philemo
754 3338 783 3420 ᾗ.
802 3334 875 3401 195.
906 3336 1054 3421 legitimas
1075 3335 1187 3399 formas

106 3429 175 3510 dicor
198 3447 228 3500 ct
246 3436 375 3512 icccc'coc
402 3459 420 3501 a
450 3449 537 3522 poeta
562 3440 690 3524 rejectas
712 3456 781 3503 esse
798 3427 934 3524 judicat,
970 3437 1188 3528 quoddidicile

106 3547 141 3598 cst
156 3539 303 3617 refellere,
319 3541 474 3628 'quoniam
496 3540 648 3608 nominum
676 3540 763 3630 ῥέος,
791 3541 898 3617 κλέος,
926 3540 1030 3630 χρέος,
1060 3538 1188 3625 genitivi

29 3675 30 3678 =
105 3635 230 3721 trisyllabi
251 3646 301 3725 (ut
322 3642 452 3730 βέλεος)
475 3643 529 3708 vix
549 3644 754 3728 reperiuntur.
801 3643 858 3708 Sed
879 3665 954 3727 quae
975 3644 1008 3708 in
1030 3641 1137 3716 deleve
1157 3651 1190 3706 et

107 3739 218 3816 ccciccc
245 3733 430 3810 concurrunt
450 3744 585 3823 vo'calcs,
615 3747 735 3810 eusdem
764 3747 922 3810 continent
941 3756 1063 3829 practer
1084 3737 1189 3819 coacto

108 3841 206 3908 nomina
233 3845 340 3911 localia
368 3868 386 3910 a
408 3847 567 3933 primitivis
595 3849 628 3912 iu
655 3835 712 3916 {id
733 3860 765 3912 et
785 3834 1088 3916 cairo-desidentibus
1110 3845 1189 3910 deri-

29 4031 31 4048 ,
108 3951 173 4018 raa,
190 3942 380 4026 Ῥοιτειεύς,
409 3943 599 4042 Ἐρικειεύς,
629 3944 831 4042 Σεῤῥιειεύς,
857 3943 1066 4039 Acmonensis,
1084 3947 1190 4034 Λαμ-

29 4063 30 4102 ῑ
110 4047 256 4125 acuendo,
287 4075 452 4140 quanquam
473 4056 504 4120 iu
526 4057 583 4122 hoc
605 4077 722 4140 proque
744 4076 867 4141 genere,
896 4055 924 4118 si
949 4052 1101 4120 commode
1121 4048 1189 4115 fieri

113 4155 204 4228 potest,
226 4153 297 4220 haec
328 4159 464 4243 epadlclia
493 4160 601 4226 evitari
615 4160 714 4238 solet,
744 4157 957 4224 terminatione
978 4181 1035 4234 cuc
1055 4156 1188 4244 syllabae
