2792 4725
122 286 125 290 ⁴
198 261 270 332 196
558 254 879 342 utssuttrntto
908 259 953 335 ll.

196 444 297 529 προίξ
317 448 506 504 eontraetnrn
526 447 588 504 est.
629 437 807 506 Eustntlrius
828 461 858 528 p.
882 439 960 520 321,
981 439 1037 506 44.
1068 438 1140 522 oete
1160 436 1227 511 α’πδ
1244 444 1301 514 τοῦ

197 540 316 633 στείχοι
345 537 400 609 ded
429 534 588 631 διχρόνοα
612 532 878 630 παραγόμενον,
905 543 980 613 ἐπεί
1000 535 1111 631 μηδὲν
1132 540 1241 633 ὄνομα
1260 551 1303 622 alr

198 645 394 735 δίφθογγον
414 635 508 732 λήγει
529 641 619 731 μετιί
641 643 765 713 διπλοῦ
786 641 947 728 ἀπαθῶς,
977 643 1028 716 διό
1050 648 1108 715 καί
1127 645 1151 734 ἡ
1170 648 1228 734 τῆς
1246 673 1303 736 γν-

196 743 314 822 ναικδε
337 743 461 814 εὐθεῖα
482 743 667 836 σεσίγηται,
688 744 712 834 ἦ
733 746 770 816 δέ
790 773 829 837 yn
849 755 949 836 προίξ
970 750 1044 836 (sin)
1065 751 1122 818 καί
1138 747 1162 837 ἦ
1178 752 1228 829 αἲξ
1241 748 1304 818 ιίπό

200 849 423 938 συναιρέσεως
448 853 515 941 ἔχει
534 849 603 924 τός’
617 841 840 940 διφθόγγονε.
882 851 987 939 Neque
1000 873 1163 937 pannorum
1178 864 1223 916 est
1238 851 1305 916 haee

112 966 116 974 '
199 954 301 1040 opinio
330 954 384 1026 sed
404 952 472 1017 iere
491 953 525 1016 iu
546 953 656 1037 vulgus
678 964 817 1038 recepta,
845 953 946 1042 προίξ
967 955 1098 1020 indidem
1120 956 1305 1040 oompositunt

199 1078 281 1138 osse,
304 1057 383 1122 uude
404 1059 614 1142 προίσοομαι
635 1055 805 1141 olorinaque
833 1078 919 1143 quam
948 1057 1075 1122 latinum
1098 1079 1205 1146 pree,
1233 1057 1305 1122 uude

199 1160 327 1227 oriunda
355 1169 428 1224 sunt
455 1179 574 1244 promte
604 1169 636 1222 et
657 1179 803 1244 pronon,
840 1159 967 1244 originis
1003 1173 1106 1226 notam
1141 1159 1302 1226 ostendere.

198 1261 259 1328 Sed
279 1263 316 1326 ab
338 1261 396 1326 lroe
416 1260 550 1326 obsoleto
574 1261 604 1337 ἴε
624 1260 691 1325 aive
714 1260 775 1339 ίξιι
801 1264 995 1348 oompositum
1016 1269 1116 1350 προίξ
1134 1272 1233 1328 utrum
1248 1281 1306 1325 ser·

198 1375 255 1432 vet
274 1374 430 1429 noeentum
454 1363 598 1449 simpliois
623 1383 664 1426 an
684 1363 822 1429 retrahat
847 1385 883 1429 ae
911 1365 1036 1451 proinde
1051 1363 1161 1454 ’προίξ
1182 1364 1307 1429 seriben-

197 1468 268 1532 dum
295 1468 337 1532 sit
361 1463 412 1532 an'
429 1471 539 1555 προῖξ,
569 1467 673 1530 eadem
699 1477 747 1530 est
770 1468 918 1552 quaestIo,
949 1490 1025 1552 quae
1055 1469 1092 1532 de
1120 1464 1261 1555 διοίοφαξ
1280 1476 1308 1528 et

198 1563 344 1657 διαοφιίξ
365 1571 561 1654 omnibusque
582 1567 725 1634 similiter
746 1571 917 1654 compositis
939 1564 1082 1657 agitatur.
1125 1569 1308 1655 Properispa-

197 1674 242 1741 ris
269 1673 433 1738 aooosativi
453 1685 594 1759 προῖκα,
624 1693 712 1756 quern
743 1677 776 1740 οἱ
800 1667 920 1748 Ἴωνες
952 1673 1164 1762 διαιροῦντες
1189 1663 1318 1759 πρόὶιια,

197 1777 334 1866 λέγουσι
353 1776 456 1862 Etym.
478 1776 523 1840 M.
552 1774 629 1851 495,
660 1773 715 1840 32.
747 1775 860 1840 οιι11ίοε
891 1777 1017 1842 habetur
1043 1779 1080 1841 ad
1108 1775 1310 1865 probationem

6 1915 11 1927 ·
197 1880 362 1957 momenti3
392 1901 459 1944 uam
481 1880 561 1943 idem
584 1887 633 1943 est
652 1888 795 1942 aoeeutus
814 1879 1054 1944 aoeusativorurn
1069 1879 1220 1969 βεβῶτα,
1240 1899 1310 1962 κερ-

80 1968 83 1978 ’
198 1982 317 2075 χνῇδα,
339 1981 456 2070 κλᾷδα,
481 1980 603 2070 πρῶνα
626 1992 686 2046 eto.
711 2001 786 2065 quae
809 2003 897 2046 nemo
919 1983 964 2047 sio
982 1994 1017 2047 ut
1031 1982 1211 2068 Bernhardy
1227 1979 1311 2046 seivit

196 2089 235 2155 ad
256 2088 348 2151 Ilion.
372 2107 402 2171 p.
417 2083 493 2150 868.
517 2080 652 2150 ¹seribere
673 2085 806 2148 animum
828 2084 964 2150 inducet.

290 2186 344 2257 Τιί
373 2193 421 2263 εἰς
444 2175 504 2266 ὀἷ
528 2182 669 2255 ἅπαντα
696 2184 751 2254 διδ
779 2187 842 2254 τοῦ
874 2173 1109 2278 αγριίφεται,
1138 2184 1232 2275 πλήν
1251 2183 1311 2252 τοῦ

198 2286 281 2385 φλόξ
300 2294 404 2380 Etym.
429 2290 507 2354 Gud.
531 2287 606 2368 554,
636 2287 690 2354 58.
722 2291 773 2355 ubi
802 2290 917 2355 exoidlt
943 2291 1006 2358 eol
1027 2284 1213 2380 τοῦπρόξ,
1240 2289 1313 2377 quod

198 2397 401 2465 Grammatico
422 2394 559 2479 ignotum
581 2414 650 2461 esse
671 2414 733 2458 non
753 2395 861 2478 potuit,
886 2414 984 2478 neque
1004 2396 1260 2479 praetermittitur
1278 2394 1312 2457 alt

196 2500 368 2566 Herodiano
390 2493 437 2583 ap'.
454 2497 642 2561 Eustatlrium
664 2519 695 2581 p.
713 2493 810 2572 1922,
832 2494 865 2561 8.
891 2496 1088 2578 σπανίζεται
1109 2498 1154 2567 τοί
1175 2496 1233 2566 διαί
1254 2494 1313 2563 τοῦ

196 2588 235 2682 o}
256 2595 354 2690 φλόξ,
388 2596 488 2687 πρόξ,
519 2600 624 2684 quibus
646 2599 856 2683 Theognostus
878 2600 917 2692 ll.
940 2598 995 2667 49.
1019 2602 1101 2666 addit
1127 2595 1226 2690 κρόξ,
1255 2601 1314 2664 for-

198 2717 281 2773 tasse
303 2703 455 2792 Ilesyolnio
476 2724 549 2767 usus
570 2712 695 2767 auewre
724 2697 818 2790 Κρόξ
838 2700 972 2787 κρόκος,
1000 2704 1051 2768 vel
1077 2706 1146 2789 qrria
1169 2698 1315 2770 Hesiodus

198 2804 305 2898 κρόκα
329 2808 409 2874 dixit
429 2829 484 2893 pro
508 2798 647 2894 κρόκην,
669 2803 829 2889 Antipater
845 2806 954 2871 Thess.
977 2799 1092 2894 κρόκος
1112 2830 1170 2893 pro
1189 2800 1315 2894 κρόκαι.

196 2911 390 2979 NominatIvo
411 2903 496 2996 πρόξ
525 2908 574 2974 usi
601 2917 673 2972 sunt
697 2906 879 2975 ArIstoteles
901 2909 938 2974 do
964 2910 1046 2974 Part.
1074 2910 1179 2977 Auim.
1205 2910 1260 2977 IV.
1282 2911 1314 2975 2.

196 3036 228 3101 p.
251 3012 329 3092 676,
350 3013 406 3081 27.
433 3013 513 3078 llist.
535 3011 637 3076 Auim.
662 3009 702 3074 ll.
727 3009 780 3075 15.
804 3032 835 3096 p.
851 3009 927 3089 5⁰5,
949 3011 1004 3079 22.
1026 3000 1131 3079 SohoI.
1153 3012 1258 3099 Apoll.
1277 3012 1313 3076 ll.

162 3194 171 3215 ⁹
196 3115 273 3185 279.
298 3116 405 3181 Suidas
427 3138 455 3181 ε.
479 3113 510 3178 lt.
534 3136 567 3181 v.
592 3126 625 3179 et
645 3135 672 3178 s.
698 3105 835 3200 Πρόκα,
862 3100 959 3179 ιιοΙΙε
976 3136 1044 3179 oum
1075 3116 1201 3201 geuerIs
1232 3124 1316 3180 uota·

196 3220 301 3300 deneg
337 3240 390 3304 pro
420 3217 478 3282 lroe
506 3220 596 3282 etiam
618 3214 718 3304 προίξ
738 3217 796 3282 diei
818 3228 949 3282 testator
964 3217 1066 3303 Etym.
1087 3218 1132 3287 M.
1156 3216 1237 3295 689,
1262 3214 1314 3281 15.

186 3324 278 3409 ιροοδ
296 3322 330 3385 in
351 3322 516 3406 oomposito
537 3316 799 3407 Προικόννησος
819 3330 942 3405 apparet
961 3341 994 3385 v.
1012 3318 1149 3385 Wessel.
1174 3320 1214 3385 ad
1228 3321 1316 3387 Diod.

198 3425 285 3489 XIII.
307 3423 364 3490 49.
388 3424 537 3511 llroeger.
560 3425 598 3488 ad
618 3424 747 3511 Dionys.
772 3425 809 3489 de
830 3424 928 3488 Thuo.
949 3420 1053 3509 psol).
1077 3421 1261 3510 Bernhardy
1281 3420 1320 3485 ad

194 3527 287 3594 Ilion.
318 3551 347 3614 p.
373 3526 452 3595 923.
507 3527 587 3591 Cum
617 3527 795 3611 metaplasto
827 3521 946 3614 κρόκα,
981 3519 1113 3613 κρόκος,
1150 3527 1319 3591 maximam

196 3631 423 3697 similitudinem
444 3630 534 3695 ltabet
554 3621 656 3703 πόκος
676 3629 773 3694 Arist.
786 3629 889 3693 uano:
905 3627 991 3695 186..Δ
1002 3625 1054 3703 τίς
1070 3628 1121 3703 εἰς
1146 3627 1188 3695 τό
1202 3622 1325 3715 λήθης

196 3731 318 3802 πεδίον
337 3732 362 3821 ἢ
383 3738 431 3807 εἰς
453 3728 538 3801 ὄνον
549 3725 670 3813 πόκας,
692 3754 908 3819 quaegraeeus
919 3735 1072 3817 interpres
1086 3732 1131 3811 ita
1150 3732 1317 3797 edisserit:

198 3834 358 3925 noioeane
377 3835 606 3923 παροιμιῶδες
627 3835 719 3903 εἶναι
739 3830 823 3903 ὄνον
845 3833 953 3904 πόκον
974 3833 1014 3903 τό
1036 3829 1228 3925 ἄχρηστον·
1260 3829 1318 3903 ool-

198 3938 257 4009 δὲν
276 3937 341 4031 yolo
364 3938 484 4007 αἰτοῦ
504 3934 589 4007 ὄνον
610 3931 712 4015 πόκες
733 3935 986 4039 χρησιμεόονοι,
1024 3940 1088 4003 ’διεδ
1109 3940 1318 4005 Buttmaunus

198 4043 333 4111 Gramm.
356 4044 385 4128 §.
406 4041 460 4107 56.
483 4040 563 4109 Αόιι.
582 4042 636 4108 13.
660 4043 759 4109 loount
776 4044 931 4128 Utopienm
948 4042 1129 4129 probabilius
1152 4042 1235 4107 asini
1248 4050 1321 4105 tou-

195 4171 297 4216 surnm
319 4138 453 4235 (πόνοι)
477 4167 567 4237 quam
587 4145 666 4214 asini
687 4146 786 4213 vellus
800 4145 875 4212 sive
896 4140 1158 4232 1οεοοε(πόκοι)
1183 4143 1249 4211 diui
1267 4145 1321 4231 ju·
