2792 4725
160 331 246 419 ,tta
531 326 856 400 btssuttubt’to
885 329 933 398 11.

149 502 346 598 'pemuucta
375 505 498 602 Ἐρύκη
511 511 574 597 ⁴⁶).
624 511 683 576 Sel
713 521 827 577 'rursus
849 503 978 598 'Nolani
1006 524 1038 579 et
1066 507 1217 602 Neptem
1248 512 1300 579 in·

176 616 306 680 discreta
335 627 410 682 sunt
438 638 471 680 v.
496 613 685 698 Wesseling.
710 615 748 678 ad
770 614 857 678 Diod.
879 615 965 680 XIV.
990 613 1044 681 82.
1077 627 1113 681 ut
1143 609 1239 692 σικύς
1266 629 1300 682 et

176 715 291 793 σικυός
304 718 381 782 Poll.
395 718 449 782 Vl.
466 716 521 782 46.
544 716 673 806 pliciter
695 729 728 782 ot
744 710 870 805 βαλήν,
895 710 1033 807 Hoiyoon
1053 719 1204 804 Argobdis
1226 741 1299 804 por·

175 831 225 885 tos
247 833 280 886 et
294 821 452 905 Pogonus,
484 841 542 885 noe
562 822 674 884 scimus
701 818 846 907 Τροίζην
868 821 935 886 sive
962 813 1108 908 Τροιζήν
1130 821 1219 886 aliter
1236 821 1298 886 dici

175 945 263 1008 quam
289 922 473 1010 Τροίζηνος
495 946 526 989 v.
545 922 646 986 Scbol.
671 922 707 986 ll.
731 924 775 991 Β.
799 921 875 988 847.
899 925 952 988 secl
974 926 1050 1008 apud
1063 925 1213 988 Romanos
1230 945 1297 988 mov

175 1026 300 1112 tropolis
314 1026 454 1090 Troezen
476 1026 598 1105 licitur,
620 1025 779 1090 Troezene
800 1027 918 1090 colonia
931 1048 962 1091 v.
978 1026 1148 1092 Tzscbuok.
1169 1026 1205 1089 ad
1218 1026 1293 1090 Mel.
1379 1039 1382 1044 ·

63 1166 67 1176 =
112 1184 118 1205 ί
174 1127 244 1194 Vol.
259 1128 297 1192 ll.
323 1127 357 1192 Ρ.
373 1127 411 1192 ll.
435 1127 512 1195 237.
557 1128 712 1213 Ejusmodi
738 1129 930 1212 quaestiones
953 1140 1023 1194 sunt
1043 1129 1179 1192 infinitae
1200 1129 1295 1194 etin·

174 1231 389 1306 numerabiles,
411 1251 485 1314 quas
507 1230 535 1294 si
555 1232 622 1314 quis
638 1231 800 1295 solvendas
815 1231 995 1316 susceperit,
1017 1231 1110 1294 faciet
1124 1231 1200 1314 quod
1215 1229 1295 1295 Tba-

174 1334 228 1397 les·
241 1334 447 1417 interrogatus
468 1332 539 1417 quid
558 1334 631 1398 deus
648 1344 743 1410 esset,
765 1334 876 1426 fecisse
893 1334 1021 1408 licitum
1053 1334 1180 1417 primum
1198 1334 1294 1409 aliem,

174 1447 237 1512 tum
256 1423 412 1512 mensem,
444 1447 506 1500 tom
535 1457 648 1500 annum
677 1436 735 1500 sibi
756 1437 793 1500 ad
816 1435 1038 1500 deliberandum
1060 1445 1175 1520 poscet.
1221 1434 1292 1500 Non

134 1582 149 1591 -
174 1540 274 1603 minus
294 1538 466 1623 ambiguum
491 1541 544 1604 sed
565 1541 665 1603 minus
687 1539 798 1623 ambigi
821 1539 956 1623 dignum,
979 1559 1037 1622 qna
1059 1538 1109 1602 via
1126 1559 1292 1626 paronyma

174 1641 227 1706 illa
249 1643 311 1706 sint
332 1653 418 1716 orta;
446 1652 547 1706 utrum
568 1653 604 1707 nt
625 1653 747 1706 veteres
770 1641 888 1718 volunt,
911 1663 930 1706 a
952 1641 1044 1705 certis
1066 1641 1290 1725 praeformatis-

174 1765 232 1829 que
248 1745 365 1807 casibus
380 1765 419 1806 an
434 1745 533 1829 potius
547 1765 566 1808 a
580 1745 673 1828 stirpe
691 1743 766 1828 ipsa.
812 1743 956 1827 Equidem
979 1744 1022 1808 ita
1044 1744 1116 1807 mibi
1138 1743 1289 1827 persuasi,

173 1847 356 1911 anadromen
378 1847 461 1910 illam
482 1849 519 1911 acl
542 1847 724 1912 servandum
746 1846 944 1912 scholasticae
959 1847 1132 1931 disciplinae
1151 1857 1290 1910 tenorem

171 1960 294 2034 peropto
312 1949 515 2034 excogitatam
527 1971 608 2030 csse,
632 1940 684 2013 s’ed
706 1950 821 2033 priscos
836 1949 1090 2026 nomenclatores,
1114 1969 1188 2032 quac
1206 1949 1289 2012 dictu

173 2073 247 2136 opus
270 2062 369 2129 erant,
392 2052 487 2118 libere
508 2065 598 2137 atque
619 2053 687 2117 sine
709 2053 908 2137 proplasmata
930 2052 1068 2116 linxisse.
1107 2051 1190 2114 Adeo
1207 2052 1290 2116 enim

174 2175 264 2218 cerea
285 2166 333 2218 est
349 2155 562 2220 vocabulorum
576 2167 698 2243 natura,
721 2166 754 2219 ut
776 2156 808 2218 in
830 2155 894 2238 ipso
917 2155 1102 2239 loquentium
1126 2174 1178 2230 ore
1198 2154 1290 2218 aliter

172 2267 262 2340 atque
291 2257 380 2320 aliter
407 2257 588 2340 figurentur.
641 2258 744 2343 Etym.
768 2258 810 2321 Μ.
834 2279 862 2340 p.
884 2257 965 2335 231,
989 2255 1021 2322 8.
1054 2258 1089 2325 Γ
1084 2247 1200 2343 pauor
1229 2254 1289 2322 καὶ

172 2356 259 2427 mcci
287 2356 539 2447 μεταπλασμόν
560 2357 756 2448 Γηρυονεύς
777 2359 830 2444 (ιιι
857 2355 984 2447 Ὀφίων
1011 2353 1200 2447 Ὀφιονεύς)
1229 2361 1288 2429 ecl

172 2457 366 2548 Γηρυόνης·
389 2459 407 2527 ὁ
429 2462 465 2529 tt
476 2460 684 2551 Ἡρωδιανὸς
709 2464 795 2551 λέγει
816 2462 855 2530 τό
879 2456 1024 2550 Γηρυιόν
1046 2460 1116 2531 cinci
1136 2464 1200 2529 τοῦ
1213 2464 1295 2549 Γη-·

172 2562 296 2652 occupa
318 2565 407 2633 εἶναι
427 2565 512 2633 κατά
535 2558 731 2651 α’ποκοπήν.
768 2566 912 2641 Similiter
929 2557 1123 2642 Καππάδοξ
1139 2570 1295 2647 οιΚαπη

173 2661 322 2754 waldene
336 2691 367 2733 v.
382 2669 551 2733 Tzscbnclr.
574 2671 612 2734 ad
628 2669 727 2733 Strab.
744 2668 815 2732 Xll.
836 2692 865 2754 p.
884 2666 916 2733 6.
934 2669 1040 2733 Jacobs
1053 2669 1090 2733 ad
1104 2668 1197 2743 Antb.
1218 2669 1284 2735 Pal.

173 2792 205 2855 p.
223 2770 298 2837 415.
323 2772 371 2836 cni
393 2771 559 2855 Stephanus
586 2768 755 2849 Τεκτόσαξ
777 2782 811 2836 et
836 2764 1286 2859 Teuvocelypc.(utAlyoooi-

173 2898 236 2963 γης
256 2897 287 2940 v.
306 2874 550 2958 Sebweigbauos.
574 2877 610 2939 ad
633 2876 738 2962 Polyb.
763 2875 802 2938 V.
818 2873 872 2951 77,
896 2872 946 2954 3.)
970 2874 1131 2959 componit,
1163 2874 1287 2959 Satraps

175 2987 208 3040 et
228 2976 387 3060 Satrapes,
417 2986 452 3039 ιιι
472 2972 554 3065 poli,
580 3000 689 3063 rupes,
720 2990 752 3043 et
772 2979 901 3043 fortasse
924 2980 1005 3041 trabs
1028 2998 1046 3041 a
1067 2971 1195 3064 τράφηξ
1218 2977 1285 3041 sive

174 3075 316 3165 τράπηξ,
338 3079 394 3142 boc
414 3100 434 3142 a
453 3072 585 3166 epolono,
607 3082 687 3144 unde
708 3076 833 3167 τάρφη,
863 3080 893 3143 id
915 3091 963 3144 est
983 3078 1128 3167 pllcococ'
1149 3079 1281 3165 Hesyob.

175 3192 208 3245 et
221 3181 396 3265 interposita
409 3182 469 3245 aba
482 3182 579 3246 vocab
592 3178 734 3269 ὕσπληξ,
755 3180 931 3270 comburis,
953 3175 1094 3271 βάμβαξ
1107 3182 1173 3246 sive
1187 3177 1284 3268 ποίμ-

175 3285 258 3371 βαξ,
277 3281 455 3370 βαμβακίς
484 3284 568 3348 Suid.
591 3282 740 3362 πάλλαξ,
763 3283 944 3361 παλλακίς,
974 3286 1080 3369 quibus
1101 3305 1190 3348 nemo
1211 3268 1299 3349 anass

176 3388 297 3451 munuae
319 3406 429 3449 nomen
449 3387 616 3471 applicabit.
660 3386 819 3471 Nibiloque
842 3388 1029 3472 exploratior
1050 3388 1169 3452 videtur
1190 3397 1284 3451 meta·

175 3487 281 3571 plasmi
303 3499 491 3572 praetextus,
515 3489 600 3573 cujus
623 3497 714 3575 quum
729 3489 846 3574 saepius
863 3491 961 3554 babila
975 3492 1016 3555 sit
1028 3490 1153 3571 mentio,
1179 3510 1286 3557 musas

171 3598 210 3654 'ct
230 3610 342 3675 genera
362 3590 463 3675 paullo
483 3591 652 3655 accuratius
673 3591 1031 3675 inquirereannitamur.
1252 3582 1258 3599 ‘

245 3862 291 3929 44)
307 3862 452 3917 Discrimon
470 3862 599 3915 nominum
616 3851 710 3931 ὅμφαξ
728 3868 755 3917 et
772 3859 883 3934 ὀμφοίκη
907 3868 932 3918 in
952 3864 1056 3919 Lexicis
1079 3866 1204 3919 traditum
1222 3864 1284 3917 niti·

175 3955 221 3998 tnr
237 3964 288 4002 nno
305 3948 463 4005 Dioscoridie
479 3951 547 4011 loeo,
569 3963 620 4015 quo
637 3964 707 3999 nuno
724 3966 770 4019 pro
786 3946 895 4021 ὄμφᾰκη
913 3962 1034 4007 revocata
1050 3962 1092 4007 est
1107 3934 1206 4006 Aldina*
1219 3953 1285 4004 scri·

173 4040 251 4101 pura
268 4028 371 4108 iurel-
