2792 4725
163 279 167 285 ’
199 310 253 375 nn
275 308 483 376 sunsrnnn
506 308 532 374 1.
554 306 713 377 unctu.
736 308 878 379 rnatu
904 308 983 377 ron.
1007 312 1035 397 p.
1051 312 1083 379 s.
1147 312 1220 383 scs

111 486 191 573 gari,
214 482 365 577 α’ρχεῑος,
396 490 482 575 enjus
500 500 645 578 neutrum
673 508 832 574 superesse
864 490 1043 557 substantivi
1072 490 1222 579 significo·

110 591 226 658 tionem
247 590 359 657 habens
378 587 418 658 cd
437 586 592 681 α’ρχοτοα,
613 593 646 657 id
666 612 724 675 ogo
745 612 869 669 vereor,
892 614 931 657 na
960 595 997 657 ad
1023 614 1089 659 rem
1120 595 1220 659 minus

73 681 77 689 ’
111 693 284 778 pertineat,
307 713 378 758 narn
399 688 524 785 α’ρχαία
545 694 619 760 illud
640 693 822 761 Sclrolisstes
840 694 1058 762 substantivu-
1074 716 1141 761 esso
1156 717 1223 785 cre-

59 878 62 884 ·
110 796 205 873 didit,
233 815 296 874 non
319 796 517 883 adjectisum3
546 797 653 861 deinde
675 794 716 863 sd
740 790 878 887 diopetas
900 809 971 885 typo
993 797 1102 863 dicitur
1122 800 1221 883 topico

35 920 43 938 ·
112 910 148 964 ut
168 902 330 984 decoetus,
350 899 503 987 σχολαῖον
524 908 585 964 etc.
609 920 735 983 quorum
757 900 905 983 adjectiva
926 920 987 963 non
1008 900 1103 985 magis
1117 900 1149 965 itt
1163 920 1221 967 usu

111 1002 199 1067 iocre
219 1022 307 1083 quana
329 997 480 1087 αφηαιός,
501 993 708 1088 μαρμηαιός,
730 1022 827 1085 neque
850 1002 1045 1067 derivationis
1063 1016 1156 1068 causa·
1170 994 1220 1069 as·

113 1105 192 1169 sumi
220 1122 346 1167 necesse
374 1114 431 1168 est.
484 1104 597 1169 Verum
628 1104 702 1168 illud
731 1104 972 1169 commenticium
1002 1105 1222 1170 substantivum

112 1201 238 1295 α’ρχαία
254 1207 318 1289 jam
342 1226 396 1289 pro
417 1217 595 1291 argumento
616 1207 743 1271 affertur
764 1228 782 1271 a
804 1205 903 1271 Schol.
921 1207 958 1269 ad
972 1206 1061 1292 Pyth.
1083 1194 1219 1271 tutor.

112 1306 153 1375 sd
174 1304 308 1375 δικαίαν
329 1302 578 1394 παροξυτόνως,
600 1306 645 1375 ἵν’
666 1302 689 1399 ᾗ
709 1307 774 1394 τήν
795 1306 912 1394 δίκην,
936 1305 980 1382 οἷς
1000 1308 1058 1375 καὶ
1078 1306 1143 1394 τήν
1159 1304 1223 1395 αἶρ-

113 1403 179 1500 χήη
199 1403 344 1498 οἷρχαίαη
363 1407 584 1499 παραγώγως·
600 1408 636 1497 ἢ
655 1412 933 1498 περισπωμένως,
956 1406 1001 1477 ἵν’
1019 1404 1047 1502 ᾖ
1068 1410 1221 1479 δικαίων.

115 1512 211 1577 Hodie
233 1510 367 1579 δικαιᾶν
388 1515 542 1590 scribitur,
565 1534 622 1578 nec
643 1524 743 1598 potest
764 1513 826 1577 ulla
848 1534 888 1577 ea.
905 1514 941 1577 de
962 1534 997 1577 re
1018 1535 1086 1579 csse
1102 1524 1224 1581 contro·

119 1614 240 1691 versia3
271 1617 326 1679 sed
346 1615 429 1700 prior
449 1615 659 1699 interpretatio
680 1636 718 1679 eo
740 1615 848 1691 voluit,
870 1625 906 1681 ut
925 1612 1036 1683 desole
1057 1617 1090 1681 in
1114 1638 1224 1684 nume·

115 1739 183 1783 rum
211 1738 442 1805 paronymornm
469 1719 649 1783 referretur.
709 1716 794 1797 Quod
823 1738 911 1800 quum
940 1730 1080 1803 appareat
1107 1731 1223 1785 temere

117 1822 349 1903 inconsulteque
378 1823 489 1885 iactum
519 1840 607 1895 esse,
638 1840 739 1884 nonne
769 1819 897 1903 suspicio
928 1821 1043 1885 erroris
1075 1823 1225 1907 proserpit

115 1924 262 2009 longius?
281 1923 308 1987 si
330 1925 507 2007 praesertim
521 1922 756 1987 demonstratum
773 1922 877 1997 fucrit,
898 1943 985 2006 quam
1005 1924 1109 2009 cupide
1122 1946 1225 2010 quam·

115 2046 175 2110 poe
196 2026 353 2090 libidinoso
377 2035 499 2090 veteres
523 2023 634 2089 artium
661 2024 824 2109 scriptores
852 2024 883 2089 in
909 2024 965 2089 hac
993 2046 1083 2089 causa
1109 2028 1225 2091 versati

116 2130 203 2195 sint'l
245 2128 450 2192 Concedamos
476 2127 510 2191 in
538 2146 683 2210 praesens
709 2120 844 2213 Ἀθηνῆ
876 2127 943 2192 sive
970 2128 1068 2212 potius
1089 2119 1224 2215 Ἀθήνη

117 2232 197 2297 idem
218 2251 329 2295 nomen
351 2251 419 2294 esse
440 2241 530 2313 atque
550 2224 743 2314 Ἀθηναία,
767 2228 833 2311 quis
856 2231 921 2315 jam
949 2230 1019 2295 huic
1050 2230 1226 2318 aequiparet

115 2330 378 2422 πορικεφαλαία,
402 2333 478 2417 quod
491 2342 685 2417 propagatum
707 2330 824 2414 quidem
848 2342 894 2398 est
915 2350 933 2396 a
954 2328 1093 2419 κεφαλή,
1116 2332 1226 2398 sedsic

118 2450 153 2502 nt
172 2433 353 2524 αεφαλαία,
376 2446 412 2499 ut
431 2426 616 2521 κεφάλαιον
638 2447 670 2500 et
690 2430 980 2522 npoeuspcllccov,
1003 2433 1060 2498 lroc
1090 2445 1137 2499 est
1158 2455 1226 2498 cunr

118 2561 235 2605 summa
255 2538 483 2624 significationis
504 2538 713 2623 discrepantia.
767 2536 881 2602 Verum
905 2539 969 2622 jam
995 2537 1069 2602 satis
1097 2536 1227 2622 intelligi

120 2653 205 2729 puto,
228 2643 279 2726 qui
300 2642 342 2706 sit
355 2661 469 2727 ¹causae
491 2651 588 2704 status
610 2651 643 2705 et
662 2659 801 2724 quorsmn
825 2639 899 2704 haec
920 2639 1024 2704 tendat
1044 2639 1225 2725 disputetios

119 2767 202 2823 nnnc
223 2767 271 2810 me
292 2746 330 2808 ad
352 2743 500 2819 ordinem,
524 2764 612 2827 quent
632 2742 763 2824 institui,
784 2742 927 2806 referam.

626 2931 655 3014 ξ.
678 2929 713 2994 3.

205 3053 339 3117 Primum
358 3051 464 3136 igitur,
481 3051 559 3135 quod
581 3050 685 3114 eadem
707 3049 763 3112 dea
778 3069 859 3113 nunc
871 3043 1031 3136 Ἀθηναία
1043 3047 1109 3113 sive
1124 3043 1227 3134 Ἀθη·

121 3155 169 3223 soi
196 3155 318 3232 dicitur,
340 3175 421 3218 nunc
445 3150 631 3240 Ἀθηναία,
660 3172 722 3215 οοο
751 3149 846 3235 magis
872 3149 925 3214 sd·
940 3169 1059 3214 causam
1097 3151 1230 3234 pertinet

119 3279 210 3342 quam
232 3257 343 3342 duplex
365 3259 461 3322 dorma
482 3255 612 3320 nominis
633 3251 771 3339 λεοντέη
793 3252 859 3316 sive
880 3250 1001 3336 λεοντῆ
1022 3250 1229 3322 οῑλοοντεία.

122 3361 182 3426 Sed
210 3359 398 3446 Phrynichus
426 3360 554 3424 fortasse
583 3348 719 3444 Ἀθήνη
748 3355 886 3439 scripsit,
921 3356 998 3438 quod
1027 3365 1074 3420 est
1094 3355 1177 3420 urbis
1199 3365 1231 3422 et

121 3462 196 3528 de'ae
217 3463 346 3526 Poliadis
368 3483 478 3526 nonen
499 3482 675 3537 commune,
707 3458 951 3543 quemadmodum
979 3458 1036 3522 dea
1055 3457 1149 3522 llorna
1169 3479 1228 3524 vo·
1283 3484 1286 3494 ¹

121 3576 211 3632 catur
231 3566 354 3629 eturbs
376 3565 484 3641 Roma,
511 3564 696 3647 aliarumque
719 3560 884 3626 civitatium
906 3560 980 3625 deae
1001 3560 1153 3644 praesides
1176 3576 1228 3624 co*

124 3669 191 3733 dem
213 3690 271 3753 quo
290 3667 360 3731 illae
382 3669 503 3732 nomine
525 3666 690 3750 nuncupari
713 3663 826 3740 solent,
850 3663 978 3747 Aegina,
1001 3663 1144 3750 Mycenc,
1168 3662 1230 3754 lly-

124 3791 217 3847 rene,
240 3770 361 3848 Thebe,
392 3770 532 3846 Rhodus,
556 3788 653 3853 neque
675 3765 823 3854 nymphae
846 3765 943 3829 solum
974 3765 1026 3829 sed
1057 3765 1233 3830 coelestium

125 3873 347 3937 nobilissimam
369 3865 530 3960 Ἐρμιόνη
551 3865 713 3958 Δημήτηρ
735 3871 793 3940 καὶ
814 3864 912 3958 Κόρη
933 3873 972 3934 ἐν
998 3863 1234 3954 Συρακούσαις

124 3975 257 4063 Hesych.
280 3977 418 4041 Minerva
442 3968 527 4050 Σαϊς
548 3996 579 4038 v.
604 3973 732 4039 Sielrelis
753 3973 791 4037 od
813 3971 901 4037 Paus.
916 3967 952 4035 Τ.
970 3969 994 4035 Ι.
1020 3970 1095 4038 261.
1120 3969 1234 4056 Cythe-

123 4101 229 4144 rorum
257 4099 405 4165 eponynaa
432 4073 588 4170 Καθηρα
616 4075 862 4166 ut‘Athenarum
890 4069 1042 4162 Ἀθήνη,
1072 4073 1233 4172 cademque

125 4179 302 4267 Κυθέρεια
326 4180 494 4268 Cytherea,
517 4202 571 4267 pro
593 4175 1081 4268 quosiKodppclulegcretur
1098 4173 1234 4242 vclKv·

1284 815 1292 855 t
