2792 4725
232 249 235 256 ’
283 297 343 364 or
372 295 536 364 ιιοιιιιι.
565 294 739 363 nouos.
771 297 807 362 c.
831 297 877 363 11.
906 299 935 384 p.
958 297 990 364 a.
1133 301 1203 371 rso

94 474 324 570 sscssdmpff‘)
346 491 381 544 ut
401 479 435 543 in
452 476 606 544 femininis
624 472 954 565 ἅρπαξ-ἆριιαιιιιὲς,
978 501 1046 546 nem
1067 481 1120 547 illu
1138 493 1202 548 ter·

95 586 215 650 minatio
244 583 401 668 utriusque
431 583 552 668 generis
582 583 722 668 ambigue
751 592 810 646 est.
855 582 919 648 Nec
949 607 1019 650 raro
1049 587 1202 672 abrogatis

94 689 273 774 simplicibus
294 687 486 751 retinuerunt
506 686 688 770 compositu,
719 685 855 774 διώρυξ,
879 681 1017 767 κατάιξ,
1040 687 1201 774 πολυᾶϊξ.

95 791 312 868 Consimiliter,
344 802 378 854 ut
398 791 472 854 illuc
493 790 632 866 redeam,
662 790 695 854 in
718 790 814 855 altero
840 813 982 856 sermone
1006 815 1059 878 pro
1083 817 1199 861 aureax

93 896 281 961 substitutum
303 906 351 958 est
372 895 457 980 origa
478 893 690 978 sivcauriga,
718 917 772 980 pro
794 895 930 959 scaturix
951 898 1121 984 scaturigo,
1148 921 1200 964 ou-

89 1001 135 1085 jus
157 998 271 1062 vocalis
289 997 453 1082 penultima
474 1018 536 1060 uon
556 996 726 1061 adventicia
749 1008 796 1061 est
819 1009 853 1062 ut
872 999 904 1062 in
924 1000 1024 1084 urigo,
1048 1002 1197 1086 claudigo,

91 1101 226 1186 surdigo‚
252 1102 383 1186 lentigo,
407 1103 546 1184 farrago,
569 1099 726 1184 lumbogo,
749 1099 891 1186 lappago,
914 1103 1052 1188 salsugo,
1075 1125 1198 1190 asperu-

91 1227 140 1289 go,
162 1203 310 1288 mollugo,
334 1190 440 1267 sedin
462 1204 555 1267 verbo
578 1200 752 1266 sustinetur
772 1203 822 1268 vel
844 1225 993 1290 paregogo
1015 1218 1050 1271 ut
1070 1209 1199 1294 scalptu-

89 1307 166 1391 rigo,
197 1307 341 1390 esurigo,
370 1305 513 1390 prurigo,
542 1304 594 1368 vel
615 1303 767 1388 primitivo
789 1317 823 1370 ut
845 1307 994 1392 suffrago,
1025 1311 1201 1375 terminatio

4 1460 5 1463 ,
89 1422 182 1475 autem
205 1408 385 1495 paragogiea
407 1408 466 1471 dici
486 1411 642 1492 potest'ut
661 1407 822 1493 impetigo,
854 1411 957 1495 origo,
986 1411 1123 1498 vertigo,
1138 1413 1199 1478 ·iu·

89 1514 211 1602 tertrigo
235 1504 506 1600 (παράτριμμα).
553 1509 611 1572 Sed
637 1511 741 1574 addam
756 1512 900 1596 'paullum
928 1513 1038 1598 aliquid
1065 1516 1101 1580 de
1128 1517 1196 1582 eliis

89 1615 359 1680 terminationibus.
403 1612 529 1678 Romani
557 1611 652 1697 igitur
680 1634 735 1697 pro
762 1613 865 1678 scribo
892 1615 1063 1681 maluerunt
1091 1617 1196 1683 scriba

86 1718 203 1796 dicere,
236 1719 315 1805 quod
337 1716 462 1781 Graecis
489 1724 631 1800 negatum
654 1725 720 1793 est,
751 1736 848 1800 neque
871 1717 999 1781 alterum
1024 1720 1195 1805 exemplum

87 1823 204 1903 praebet
232 1820 345 1884 latinus
367 1841 488 1896 serm03
524 1839 594 1882 narn
615 1818 721 1905 perdo
743 1839 796 1903 pro
818 1819 952 1904 perditor
973 1821 1135 1888 Salmasius
1158 1825 1197 1888 ad

87 1922 212 1987 Trebell.
237 1923 344 1986 XXX.
367 1922 443 2008 Tyr.
468 1943 495 1985 o.
519 1919 632 1984 XVlll.
656 1941 730 2000 suo,
757 1930 792 1983 ut
812 1921 939 1999 dicitur,
961 1923 1058 1988 Marte
1081 1925 1195 1989 conlin-

86 2025 140 2102 xit,
162 2047 263 2109 neque
283 2025 416 2110 apposite
434 2025 471 2088 ad
485 2022 575 2088 Treb.
592 2023 698 2087 Claud.
717 2045 745 2087 o.
760 2021 844 2087 XlV.
861 2022 936 2089 391.
961 2047 1039 2090 oum
1057 2029 1195 2113 ouuo²⁷)

88 2139 234 2213 comparat
257 2127 588 2216 syntbetissonocna,
617 2127 737 2201 incola,
766 2125 965 2212 affct'perdo,
998 2149 1124 2214 quorum
1147 2129 1196 2193 iu·

88 2252 154 2314 gens
176 2231 263 2316 copia
284 2230 434 2315 suppetit:
468 2229 609 2304 conviva,
634 2230 776 2315 confuga,
800 2229 983 2316 heredipeta,
1007 2230 1192 2318 frugiperda,

87 2334 223 2412 bocaeda,
247 2333 408 2419 parricida,
430 2331 578 2419 legirupa.
615 2331 690 2396 Tum
713 2333 746 2397 in
768 2355 806 2397 us
827 2345 1096 2419 exeunt-promus,
1120 2355 1192 2400 oon-

87 2437 152 2515 dus,
181 2457 318 2521 coquus,
346 2457 487 2521 mergus,
518 2457 625 2521 cropus
646 2446 679 2501 et
699 2436 876 2500 femininum
898 2436 1001 2514 traba,
1034 2458 1109 2521 quae
1135 2440 1195 2503 etsi

87 2539 169 2625 vulgo
195 2561 253 2625 pro
281 2539 478 2604 substantivis
506 2538 712 2623 accipiuntur,
751 2550 851 2603 tamen
878 2540 953 2604 nihil
981 2540 1061 2605 eliud
1089 2541 1193 2605 valent

87 2662 165 2731 qoem
186 2643 337 2729 adjectiva
359 2644 485 2719 suadus,
515 2642 615 2719 scius,
645 2662 771 2725 parcus,
799 2642 889 2707 vivus
912 2653 971 2707 etc.
1002 2662 1098 2727 noque
1128 2645 1193 2708 exi·

87 2766 154 2827 gnus
175 2757 225 2810 est
247 2746 475 2831 conjugatorum
496 2755 679 2829 proventus,
703 2744 868 2831 aquilejus,
890 2743 1072 2828 bustirapus,
1097 2746 1192 2832 capri-

86 2848 213 2933 mulgus,
240 2848 444 2933 crurifragus3
467 2847 657 2931 dentilegos,
680 2847 872 2923 domiducus,
896 2847 1069 2930 iuuirepus,
1093 2870 1191 2912 mero-

86 2950 179 3027 bibus,
210 2950 354 3015 vinibuus
381 2954 412 3030 (a
433 2951 513 3027 buo,
542 2951 623 3013 unde
644 2950 839 3033 compositum
867 2960 916 3013 est
942 2950 1061 3026 imbuo,
1092 2950 1192 3015 idest

86 3051 177 3117 bibere
198 3053 314 3136 facio),
345 3051 517 3138 legirupus,
545 3051 724 3136 piliorepus,
750 3052 973 3128 sociolraudus,
999 3052 1189 3129 supinatus,

87 3156 271 3232 turicremus,
294 3155 458 3231 velivolus,
481 3154 648 3238 viriparus,
671 3176 831 3239 puerpera,
855 3154 1023 3230 noctiluca,
1050 3165 1081 3218 et
1103 3176 1189 3240 para-

87 3259 239 3345 syntheta:
271 3277 457 3341 consequus,
480 3256 651 3339 pronubus,
674 3258 816 3342 prodigus
839 3268 899 3322 ete.
924 3257 1029 3341 quibus
1051 3257 1190 3343 adjacent

87 3362 183 3441 partim
203 3361 395 3425 substantiva
414 3359 552 3443 perfuga,
575 3360 725 3444 lucifuga,
749 3360 902 3445 legirupa,
925 3361 1094 3444 bubsequa,
1121 3381 1190 3443 par-

86 3462 132 3526 tim
158 3463 346 3540 communia,
379 3484 453 3547 quae
477 3483 567 3546 supra
589 3462 734 3545 exposui,
768 3462 813 3525 sic
841 3473 875 3525 ut
901 3462 937 3525 ab
966 3463 1069 3525 eodem
1094 3464 1188 3527 verbo

87 3584 165 3651 saepe
186 3568 300 3653 duplex
328 3566 445 3631 oriatur
465 3566 580 3632 forma:
619 3550 752 3651 praecox
776 3574 808 3627 et
829 3585 1033 3651 praecoquus,
1063 3564 1188 3651 panilen

88 3724 288 3745 ‚———-—-

144 3831 187 3896 bt)
210 3831 314 3884 lesuiue
336 3801 466 3900 intui-pres
488 3847 597 3897 graecus
620 3846 677 3897 cap.
697 3830 746 3891 50,
770 3830 796 3881 ll.
821 3822 868 3899 σῆι
890 3817 1080 3900 καταφέγιται
1102 3822 1189 3894 viperio,

87 3911 170 3980 Aquila
187 3913 233 3986 oris
248 3915 267 3985 ἢ
282 3917 397 3989 βρῶσις,
417 3935 463 3986 pro
481 3935 532 3986 quo
549 3918 687 3983 Procopius
705 3912 813 3985 βρωτῆρ
831 3906 985 3977 substituit,
1003 3916 1081 3969 sicuti
1098 3914 1187 3967 bone.

87 4000 159 4054 litum
173 3998 305 4058 Ὠκιινδν
320 4002 396 4059 θεῶν
412 4009 515 4076 γένεσιν
531 4013 635 4057 veteres
652 4005 859 4071 interpretentur
875 4006 991 4071 γενέτην.

144 4106 188 4173 27)
204 4107 298 4175 Fugare
310 4106 445 4159 Columell.
459 4106 496 4159 X.
512 4108 570 4165 tos.
589 4108 657 4174 quod
671 4123 717 4174 pro
732 4107 838 4172 fugitivi
853 4107 993 4173 accipiunt,
1012 4105 1187 4159 Schneiderus

87 4192 202 4245 cmmode
219 4210 275 4251 curu
292 4207 387 4262 gracco
404 4190 439 4250 αἶ
451 4196 533 4268 popul
548 4210 594 4264 pro
611 4190 726 4266 φυγάδες
742 4193 825 4263 posito
844 4192 953 4246 confert.
1184 4208 1188 4219 ⁸
