2792 4725
191 293 264 363 318
540 289 857 358 111631111ΤΑΤΙΟ
885 291 948 359 111.

113 525 116 529 1
191 472 360 559 Epicharm.
382 470 571 537 Athenin.
595 469 669 538 121.
692 470 728 535 Β.
760 466 961 559 όνόοαιμος,
985 466 1249 559 παλινόοτιμοο,
1281 494 1302 539 a

192 575 298 663 quibus
325 573 444 638 secerni
471 583 606 656 oportet,
639 594 714 658 quae
741 574 900 658 primitivis
930 586 1033 640 carent
1062 586 1096 639 nt
1121 570 1301 663 οἷδόιιιμοο,

189 670 425 767 προςδόκιχιος,
446 673 667 760 operatrices,
687 668 928 763 rineppdo'itproo,
952 696 1086 761 quosque
1103 688 1207 761 aperte
1229 698 1300 743 oum

190 777 371 863 simplicibus
402 775 563 860 composita
592 787 665 844 sunt
696 787 731 840 ut
759 772 857 845 αόλολ
886 778 1004 845 τέλειοι
1024 814 1069 829 -·-
1088 777 1301 865 ὑπερτέλειοι

188 878 301 945 Athen.
324 879 408 942 xtv.
432 878 507 942 634.
531 878 567 941 F.
596 888 650 941 unt
672 899 691 942 a
716 880 885 965 cumpositis
911 881 1047 946 derivata
1073 892 1108 945 ut
1131 872 1298 967 α’ναπόμ-

188 1005 296 1067 πιμοο
317 992 348 1046 et
370 972 608 1067 decrudporucpooe
628 980 664 1043 ab
685 975 891 1067 α’ναπομπή,
914 976 1134 1069 φιλαπλοὶκός
1155 1004 1173 1047 a
1196 974 1299 1070 φιλαέΙ

187 1086 308 1158 πλους.
342 1082 497 1146 Postremo
514 1082 575 1145 buo
595 1083 725 1147 referam
747 1084 954 1159 λοοκόλιοκος
974 1106 1029 1169 pro
1051 1077 1212 1170 ἰσοτελής,
1232 1109 1299 1151 τοι·

187 1181 400 1278 χυβόδιστοο,
415 1179 699 1273 χρυσεοπήνηκος,
713 1185 974 1273 μελιπτέρωυοο,
992 1184 1200 1274 φιλωρείαης,
1215 1212 1298 1255 ποι-

187 1280 385 1373 όοποιητής,
404 1278 705 1373 κωμῳδοποιηκής,
723 1282 965 1375 μικραδικητής
987 1290 1151 1373 oppositum
1169 1289 1215 1382 τῷ
1232 1314 1296 1385 με·

186 1388 366 1489 χαλόδικος
387 1388 514 1461 emtor.
538 1387 625 1459 utet.
649 1388 687 1454 lt.
714 1388 767 1463 17.
790 1412 821 1483 p.
846 1388 947 1469 1390,
970 1389 1025 1461 29.

696 1578 726 1661 §-
748 1576 781 1644 8.

273 1700 414 1785 Sequitur
433 1698 508 1763 trias
529 1697 683 1762 nominum
705 1698 738 1761 in
757 1682 820 1773 ob}
840 1698 1080 1765 terminatorum.
1125 1697 1171 1763 Ab
1190 1688 1294 1773 ὀδοόα

187 1813 220 1871 et
244 1804 344 1871 ionico
372 1796 459 1867 όδιόν
485 1800 618 1885 procedit
644 1799 755 1885 duplex
780 1802 877 1866 formo
900 1802 1133 1887 adjectivorum,
1165 1822 1293 1887 quorum

187 1906 332 1972 nonnulla
357 1924 410 1989 pro
433 1902 628 1972 substantivis
649 1903 771 1978 volent,
801 1895 990 1990 μονόδους,
1012 1896 1214 1991 μυριόδους,
1238 1927 1293 1969 οι·-

184 2004 296 2083 νόδων
323 2008 388 2073 sivc
416 2001 569 2072 συνόδων
590 2004 717 2072 Aristot.
742 2004 781 2067 fl.
804 2006 886 2069 Anu.
910 2005 989 2070 vltt.
1013 2006 1046 2073 2.
1077 2007 1128 2091 qui
1155 2006 1245 2091 piscis
1272 2026 1294 2072 a

185 2112 306 2182 Polluce
328 2100 493 2181 συνόδους
514 2117 659 2186 vocatur3
692 2102 831 2192 ἐριόδων
853 2104 872 2173 ό
891 2101 1061 2195 μεγάλους
1085 2112 1177 2199 ἔχων.
1192 2103 1292 2175 όδόν*

182 2238 245 2287 τας
266 2212 397 2298 Hesycb.
421 2211 584 2275 secundum
607 2209 742 2273 ordinem
765 2209 920 2278 literarum
948 2210 980 2273 iu
1006 2201 1152 2295 ἐριυόδων
1179 2210 1291 2277 mutari
1345 2256 1350 2277 .

184 2325 313 2401 oportet.
360 2313 417 2376 Sed
439 2311 594 2395 utriusque
615 2310 836 2375 terminationis
858 2312 1017 2378 discrimen
1042 2312 1246 2398 qualecunque
1268 2334 1290 2378 a

184 2415 337 2481 nonnullis
363 2412 506 2477 traditum
534 2433 601 2476 osse
627 2424 751 2496 apparet
777 2433 818 2476 ex
839 2415 1089 2480 admonitionibus
1112 2415 1289 2494 Grammati-

184 2538 308 2592 corum3
345 2514 533 2600 Phrynichus
562 2513 637 2598 App.
661 2511 715 2578 58.
749 2508 912 2600 προιόδων
938 2513 962 2602 ἦ
989 2517 1181 2606 προέχουσα
1208 2513 1289 2592 τοδε

183 2610 324 2691 όδόνκας
347 2616 405 2689 καλ
427 2615 484 2682 ἐπὶ
503 2609 749 2706 τοῦκόρῥενοο·
780 2628 813 2682 et
833 2618 909 2682 Poll.
932 2617 971 2682 11.
994 2618 1048 2684 96.
1078 2616 1289 2709 όπροόχον·

181 2744 244 2794 coo
271 2723 356 2809 ἔχων
377 2713 458 2792 τοδε
485 2710 625 2792 ὀδόντας
650 2721 802 2788 καλεῖται
823 2712 1004 2806 προόδων*
1040 2721 1098 2788 καλ
1119 2718 1288 2807 προόδουο

182 2825 240 2892 broi
259 2820 432 2909 θηλυκῶν.
469 2821 513 2884 De
535 2842 648 2904 genere
670 2831 778 2885 neutro
801 2843 856 2886 nos
879 2824 984 2887 edocet
1001 2824 1105 2910 Etym.
1125 2822 1191 2888 MS.
1210 2824 1288 2888 Her-

148 2987 151 2993 ,
180 2926 283 2992 manni
306 2926 342 2988 de
363 2924 430 2986 Em.
456 2922 589 3009 Gromm.
612 2945 642 3008 p.
665 2922 720 2990 28.
751 2919 790 2990 κδ
811 2916 1040 3012 καρχαρόδουν
1067 2925 1123 2992 καλ
1149 2919 1286 3012 sappum

181 3025 251 3096 όπό
270 3026 333 3093 τοῦ
353 3016 561 3113 καρχαρόδον
586 3024 644 3091 καλ
662 3025 786 3112 τιμῆεν
807 3026 925 3114 γέγονε
946 3021 1032 3093 sueni
1054 3020 1286 3112 πλεονασμόν.

181 3133 258 3195 Hinc
278 3129 418 3213 estquod
437 3147 491 3210 pro
508 3123 738 3216 καρχαρόδουν
757 3129 813 3202 καὶ
829 3119 1031 3218 χαυλιόδουν
1050 3129 1137 3208 ζῶον
1155 3128 1283 3198 Aristot.

181 3235 217 3296 de
239 3233 320 3294 Part.
343 3229 424 3293 Anu.
448 3227 499 3291 111.
525 3226 556 3294 1.
586 3250 615 3313 p.
639 3228 723 3308 661,
745 3230 799 3296 23.
831 3250 906 3314 quoe
929 3229 1126 3297 Buttmannus
1150 3229 1283 3300 Grumm.

181 3335 209 3418 ᾗ.
233 3331 292 3413 63,
315 3330 348 3396 2.
377 3332 528 3394 ineassum
548 3342 716 3415 suspectat,
746 3332 814 3395 libri
836 3331 973 3394 nonnulli
995 3333 1138 3416 praebent
1158 3356 1286 3423 suppo·

179 3432 280 3524 ρόδον
308 3432 365 3498 καλ
384 3425 579 3522 χαυλιόδων·
615 3444 646 3498 et
667 3432 759 3519 vulgo
782 3435 895 3521 legitur
920 3431 959 3500 τό
980 3427 1149 3520 deportes
1173 3435 1225 3500 111.
1249 3436 1283 3503 2.
1343 3433 1346 3438 ’

180 3557 210 3620 ρ.
227 3532 301 3612 663,
318 3531 371 3596 36.
396 3534 444 3595 ubi
465 3535 547 3596 codd.
569 3529 740 3629 ἄμφοδον,
762 3536 815 3602 sed
832 3535 871 3612 cd
889 3529 1119 3625 καρχαρόδουν
1139 3535 1282 3608 Philostr.

179 3636 219 3700 V.
237 3635 293 3718 Ap.
311 3634 362 3696 lV.
379 3632 433 3709 38,
453 3632 526 3698 178.
550 3638 676 3704 Aristot.
693 3640 731 3704 H.
747 3637 828 3704 Anu.
847 3639 886 3708 tt.
903 3637 958 3705 29.
982 3660 1039 3723 quo
1057 3637 1124 3708 loco
1144 3639 1178 3710 iu
1197 3641 1282 3712 codd,
1333 3689 1340 3700 .

179 3726 385 3825 καρχαρόδον
408 3744 439 3797 et
459 3731 672 3834 καρχαρόδων
694 3742 838 3832 scriptum
860 3739 1034 3820 invenitur3
1058 3736 1285 3834 videovideo

179 3837 255 3918 opud
277 3836 402 3897 eundem
424 3837 601 3919 compluries
627 3865 659 3907 v.
682 3833 817 3926 Addoud·
846 3833 1019 3920 όξυόδονκι
1038 3841 1154 3934 γενείῳ
1177 3845 1280 3915 Noun.

178 3936 246 4007 XL.
264 3933 338 3998 484.
367 3934 474 4002 Neutri
493 3939 614 4020 pluralis
632 3945 706 4014 baec
724 3943 865 4020 babemus
883 3945 1037 4031 exempla:
1058 3938 1284 4040 χαυλιόδοντυ

176 4035 324 4128 γένεθλα
340 4036 461 4120 Oppido·
479 4038 556 4124 Cyn.
573 4041 624 4107 ΙΙΙ.
642 4044 675 4109 6.
697 4045 740 4115 coi
756 4042 1008 4137 καρχαρόδοντα
1023 4047 1060 4117 ΙΙ.
1077 4048 1152 4118 262.
1171 4048 1280 4118 Galen.

178 4140 215 4202 (λθ
233 4137 294 4204 Usu
310 4138 390 4204 Pari·
406 4137 463 4202 ΧῙ·
482 4140 516 4218 2,
535 4142 608 4212 588.
630 4148 750 4216 Δολίοιο.
769 4150 806 4218 Η.
824 4151 905 4217 Anu.
923 4149 979 4218 XI.
998 4147 1058 4218 37..
1074 4145 1282 4222 πολυόδουσι
