2792 4725
211 268 266 373 m
584 304 956 372 nmmmmc

217 488 353 552 nonnulli
381 485 438 552 boo
461 486 582 550 nomine
605 506 710 572 parum
738 485 819 569 digni
841 495 924 549 sunt.
969 485 1093 550 Suidas=
1128 482 1303 574 illecebrat

215 593 313 671 ἔπος,
344 588 388 663 οἷς
409 593 490 664 ἔπος
515 593 625 655 εἰπεῖν
650 587 707 654 ιιαλ
736 583 779 660 oie
805 581 900 674 τύπῳ
929 588 1125 675 περιλαβεῖν
1149 587 1197 677 μή
1219 585 1303 675 cirpe-

213 692 283 779 βῶς
304 689 518 779 α’φορίοαντα
545 688 588 764 οἷς
611 682 804 775 κοινότερον
831 689 887 757 καὶ
911 683 1065 756 καθόλου
1080 690 1138 776 ⁶⁷).
1180 691 1301 778 descby·

213 793 277 856 lum
300 815 392 869 vero,
423 804 458 856 ut
485 797 696 866 tractarenon
721 793 867 856 scriberet
889 791 973 855 Pers.
998 790 1073 855 711.
1103 815 1208 858 versus
1233 794 1301 856 ratio

213 897 373 982 permovit.
395 893 533 958 'Alterum
548 905 596 958 est
609 891 737 957 IIelladii
752 905 940 977 praeceptum
956 915 1003 978 ap.
1020 895 1106 959 Pbot.
1122 895 1301 958 CCLXXIX.

213 993 289 1062 865.
322 995 422 1070 ιιαλός
443 996 499 1062 coi
520 995 652 1080 α’γαθός
681 1001 714 1063 ot
734 991 879 1063 Ἀτνιιιολ
902 996 1072 1083 λέγοντες,
1103 993 1232 1085 ἁγαθός
1255 996 1304 1063 ιιαλ

213 1095 314 1173 καλὸς
345 1096 387 1165 ον’
418 1098 550 1185 λε’γοαοι
580 1095 690 1165 ιιαιάοι
720 1093 837 1186 dyada*
870 1091 953 1188 τύχη
985 1099 1120 1188 λέγουσι
1150 1101 1209 1170 καλ,
1231 1093 1304 1190 τύχη
1382 1181 1383 1190 ¹

212 1193 349 1288 οἷγαθή,
379 1203 456 1284 quod
476 1201 655 1285 adjectivum
679 1202 831 1285 praecedit
853 1202 1001 1270 interdum
1028 1203 1117 1267 alteri
1143 1199 1254 1290 οἷγαθή
1274 1228 1306 1268 τε

128 1307 133 1314 ’
212 1303 270 1370 col
291 1295 401 1387 πολλή
427 1303 525 1365 Strab.
550 1302 587 1365 V.
612 1302 686 1367 234.
720 1305 771 1366 sed
795 1305 889 1367 eidem
912 1305 1099 1388 postponitur
1127 1305 1232 1373 πολλοὶ
1252 1301 1306 1372 ια’·
1382 1377 1383 1386 ,

211 1397 309 1492 padri
330 1405 436 1490 Lysias
458 1425 487 1488 p.
505 1403 580 1468 768.
606 1416 637 1469 et
656 1400 764 1479 πολύς
786 1427 914 1490 quoquo,
939 1408 1014 1488 quod
1038 1408 1211 1494 plerumque
1231 1429 1306 1492 prae·

213 1506 292 1570 mitti
314 1508 421 1570 volunt
441 1507 560 1574 πολλοὶ
582 1507 637 1573 καλ
659 1505 755 1574 καλοί
775 1528 807 1571 v.
830 1507 994 1570 Blomfield.
1019 1511 1054 1572 ad
1078 1511 1163 1576 Pers.
1188 1511 1258 1576 249.
1280 1521 1307 1574 et
1382 1557 1383 1587 p

213 1628 288 1692 quos
309 1603 516 1692 Iirabingcros
538 1609 672 1672 nominat
692 1611 728 1674 ad
753 1609 862 1694 Synes.
886 1609 961 1673 Euo.
988 1610 1073 1676 Calv.
1098 1636 1129 1698 p.
1155 1613 1226 1680 189.
1253 1635 1306 1678 non
1382 1665 1383 1674 ,

213 1729 283 1772 raro
305 1721 485 1792 postremum
507 1721 631 1794 occupat
648 1712 745 1776 locum
767 1713 910 1797 πονηροὶ
934 1712 990 1778 ιιαλ
1010 1714 1134 1781 πολλοί
1150 1718 1221 1804 Lys.
1239 1713 1306 1780 753.
1382 1729 1383 1744 ’

212 1809 391 1898 γενναίους
412 1813 467 1880 aab
489 1808 635 1886 πολλούς
653 1813 758 1888 Liban.
775 1814 810 1878 T.
828 1813 864 1878 tl.
884 1813 957 1878 512.
981 1810 1115 1905 μεγαλα
1139 1821 1195 1887 καλ
1210 1813 1308 1886 πολλά
1382 1807 1383 1850 t

211 1913 328 1996 Eunap.
352 1914 407 1998 Ep.
431 1914 603 1978 XXXVIII.
627 1914 681 1980 69.
720 1913 839 2004 oloppc'
864 1918 919 1983 ιιαλ
943 1911 1053 1985 πολλιὶ
1080 1922 1217 2007 l'bcogn.
1240 1919 1307 1986 659.

211 2008 353 2100 ἄφθονα
377 2017 432 2082 cat
454 2010 563 2083 πολλοὶ
591 2016 962 2085 Incunctanter.
1002 2021 1096 2089 δεινοὶ
1127 2014 1310 2092 columbini
1380 2077 1383 2108 ]

212 2117 298 2180 multi
327 2120 412 2181 codd.
437 2120 591 2183 Demostb.
621 2117 701 2194 5⁶25,
724 2117 777 2184 29.
806 2143 840 2183 ν.
866 2121 971 2187 Corais
1001 2125 1036 2187 ad
1065 2126 1158 2192 Isocr.
1188 2152 1218 2213 p.
1243 2124 1308 2192 139.
1382 2166 1383 2198 t

212 2218 330 2283 Jacobs.
354 2221 391 2282 ad
412 2219 530 2284 belian.
559 2243 591 2306 p.
615 2219 689 2285 342.
720 2232 751 2286 et
776 2220 807 2284 in
829 2222 894 2286 Ind.
918 2245 945 2288 s.
970 2220 1100 2303 Πολύς.
1146 2230 1312 2295 Τενιίαιαο
1382 2257 1383 2272 .

211 2319 324 2384 Tboma
345 2321 386 2384 bl.
411 2322 556 2386 sancitum
580 2333 644 2387 cst:
681 2320 727 2389 Τι’
747 2347 797 2397 τις
819 2321 863 2391 ιῖν
885 2329 976 2394 εἴποι
998 2335 1031 2397 οἱ
1052 2328 1201 2419 δόκιμοι,
1222 2331 1254 2399 αι’
1274 2328 1313 2399 oio
1378 2361 1380 2369 r

211 2444 262 2494 τις
283 2424 374 2487 εἴποι
394 2415 519 2501 κοινόν,
542 2426 594 2487 sed
615 2423 650 2490 αι’
668 2420 713 2490 οἰ’ν
732 2451 781 2502 τις
800 2428 889 2514 λέγοι
902 2420 1140 2515 Χοοοῃλιᾟολλ.
1161 2430 1248 2513 V.'2,
1264 2434 1311 2499 17.

211 2522 1383 2610 Μπππππππππαῃωπωωι“

211 2622 336 2687 similia:
360 2621 482 2714 οἷρχαῑα
499 2627 553 2692 uoti
568 2621 696 2694 uolucri
711 2631 789 2695 Plut.
803 2634 894 2698 Cous.
908 2637 944 2697 ad
955 2636 1053 2722 Apoll.
1070 2662 1099 2723 p.
1111 2640 1189 2707 532.
1205 2643 1241 2705 T.
1251 2640 1311 2704 VII.

213 2721 338 2814 σμικροὶ
360 2728 414 2792 καλ
438 2728 552 2813 φαῦλα
573 2732 608 2793 de
628 2732 720 2795 Educ.
740 2733 805 2796 Lib.
827 2736 910 2800 XIV.
930 2736 983 2802 49.
1008 2742 1044 2803 de
1062 2743 1140 2806 Aud.
1162 2755 1242 2828 poet.
1260 2741 1314 2805 XI.
1381 2779 1383 2811 t

213 2823 292 2889 129.Ι
324 2828 360 2890 de
386 2829 495 2893 Stoico.
525 2833 659 2917 Repugn.
682 2836 843 2901 XXXVII.
874 2837 948 2902 387.
986 2841 1092 2905 Liban.
1116 2844 1154 2909 T.
1179 2846 1218 2909 II.
1245 2843 1312 2909 189.
1380 2872 1383 2893 ν

211 2927 353 3013 Hermog.
374 2932 410 2994 de
425 2934 517 2997 Mctb.
534 2936 679 2999 XXXIII.
696 2936 771 3003 439.
791 2938 828 3002 Τ.
844 2939 895 3003 IIl.
921 2942 969 3005 cd.
986 2943 1088 3008 Walz.
1114 2969 1242 3030 quorum
1264 2948 1316 3011 boc
1382 2938 1383 2987 3

211 3028 248 3091 ad
269 3030 319 3115 Aj.
344 3054 375 3095 v.
397 3032 492 3099 1323.
515 3036 589 3101 illud
610 3039 647 3101 ad
668 3061 700 3103 v.
723 3038 796 3106 145.
815 3042 861 3127 ⁶⁸)
883 3045 1029 3130 exemplis
1052 3048 1207 3115 declaravi
1227 3050 1317 3137 pluri-¹

172 3201 175 3206 ,
219 3200 428 3219 -ᾕ

281 3307 325 3373 67)
341 3308 449 3363 lIcrodo.
465 3312 496 3364 tt.
513 3315 554 3366 53.
574 3314 671 3383 πρώην
687 3324 734 3373 nul
751 3321 818 3387 χθὲς
835 3318 870 3375 oie
884 3320 951 3394 λόγῳ
967 3323 1054 3381 εἰπεῖν
1071 3337 1098 3380 et
1114 3330 1145 3381 II.
1164 3331 1206 3383 15.
1227 3333 1318 3383 νεοιετλ
1380 3306 1383 3337 4

211 3382 246 3442 oie
262 3386 330 3458 λόγῳ
348 3390 443 3460 εἰπεῖν,
464 3398 529 3449 idem
547 3408 587 3451 ost
605 3404 671 3467 quod
688 3400 722 3459 uio
739 3408 802 3461 ἔποε
818 3402 906 3461 εἰπεῖν
924 3410 991 3473 ldie
1009 3420 1054 3464 καὶ
1073 3414 1170 3480 πριὶην
1189 3418 1216 3467 in
1235 3416 1317 3467 Plato·
1381 3394 1383 3425 ¹

211 3475 251 3525 nis
270 3477 338 3538 loco,
364 3496 438 3545 quom
456 3482 643 3538 Valckenarius
667 3493 785 3555 apponit,
812 3494 896 3544 idest
918 3513 967 3546 non
991 3508 1112 3550 accurate
1136 3488 1176 3553 bis
1196 3490 1319 3569 proximis
1382 3508 1383 3513 ’

125 3616 130 3622 .
211 3560 301 3613 diebus
319 3565 363 3615 sed
382 3582 461 3631 paene
479 3571 511 3619 ad
530 3572 576 3622 boc
593 3577 723 3640 temporis,
744 3578 851 3643 ideoque
867 3581 914 3631 boo
932 3578 966 3634 oie
981 3584 1044 3637 duos
1059 3582 1148 3637 εἰπεῖν
1165 3588 1320 3653 plerumque

210 3644 362 3711 adjungitur
379 3653 590 3708 affirmationibus
608 3666 635 3709 et
652 3663 830 3724 negationibus
849 3668 1013 3729 generalibus
1034 3666 1134 3733 οιίλελε,
1156 3672 1227 3732 παῖε,
1248 3666 1320 3735 ὅλος,
1380 3654 1383 3687 t

211 3728 334 3798 ἕκαστος,
355 3732 414 3802 ciel,
439 3742 471 3789 ad
489 3743 681 3807 significandum
698 3748 796 3814 ailquid
817 3751 903 3801 lanius
923 3754 1057 3820 minusque
1074 3766 1202 3827 'accurate
1224 3760 1321 3811 dictum
1382 3746 1383 3773 ³

211 3829 284 3876 esse,
308 3819 433 3885 dracontio
449 3824 484 3879 cit
500 3824 584 3882 εἰπεῖν
601 3818 771 3899 obaudiretur
788 3835 861 3902 Hipp.
881 3836 1000 3892 Muliebr.
1021 3839 1040 3890 t.
1062 3842 1122 3894 717.
1142 3839 1178 3896 oio
1196 3844 1264 3898 diros
1282 3838 1323 3895 ιῖ-
1382 3844 1383 3865 ³

209 3902 274 3950 πεῖν
291 3903 396 3966 φαῦλον
413 3925 457 3960 roo
471 3928 556 3977 poene
574 3918 651 3966 ιιιἸιιῚι·
665 3917 732 3969 Plut.
753 3919 850 3972 Pbileb.
871 3938 896 3988 p.
918 3925 958 3973 55.
979 3924 1010 3975 Ε.
1033 3920 1126 3979 πάντα
1144 3924 1179 3981 oie
1197 3928 1266 3983 ἔπος
1284 3922 1324 3980 εἶ-
1382 3920 1383 3947 ¹

209 3986 272 4036 πεῖν
289 3984 333 4037 Fr.
353 3990 419 4057 Aug.
439 3994 549 4050 Wolfius
567 4001 598 4050 ad
617 4001 691 4071 Lept.
712 4003 735 4070 ξ.
758 4006 815 4057 118.
843 4022 892 4056 non
909 4016 980 4059 recte
999 4010 1189 4078 interpretatur
1213 4020 1250 4066 ut
1269 4029 1323 4065 αιιο

209 4071 289 4120 norbo
307 4072 405 4127 dicam.

278 4155 323 4223 68)
340 4158 403 4214 lbid.
419 4181 443 4233 p.
460 4167 518 4221 137.
531 4187 558 4223 v.
571 4173 614 4232 22.
631 4175 696 4227 adde
711 4169 827 4243 δείματα
840 4180 885 4231 eol
900 4173 983 4248 φόβοι
993 4181 1112 4250 Hippocr.
1122 4185 1207 4253 Epist.
1219 4200 1245 4253 p.
1258 4183 1320 4239 817.
