2792 4725
64 412 67 427 ι
110 404 115 413 ,
193 327 266 398 acc
548 298 868 398 rtssnararto
896 328 936 398 v.

137 514 139 519 ’
186 492 249 573 iX.
272 506 345 573 100.
369 506 402 571 in
423 504 498 569 Edd.
522 516 599 572 vett.
623 518 655 573 et
676 508 743 571 cod.
767 505 948 572 Sebedarsb.
972 509 1010 573 dc
1031 528 1090 593 pue
1113 520 1196 575 tacet
1216 508 1308 577 Gais-

192 612 315 688 toruus,
341 610 447 694 nuperi
464 619 563 673 antem
583 610 713 674 editores
730 603 916 698 κυματυμή
933 612 1132 697 scripserunt,
1156 614 1305 697 quomodo

193 713 306 798 legitur
326 711 524 796 Long.'Past.
545 710 597 775 111.
617 709 682 777 28:
695 712 807 796 Agatb.
827 712 905 777 diist.
926 712 979 776 111.
1002 711 1058 792 21,
1079 712 1191 779 (17.1.
1217 716 1306 800 quasi

194 815 235 879 sit
263 814 439 885 femininum
468 814 608 898 adjectivi
635 807 835 901 κυματυγός
862 818 912 896 (ιιι
937 812 1113 903 ναυαγός).
1158 816 1216 879 Sed
1246 817 1304 881 boc

193 917 327 1002 quamvis
350 916 510 981 conveniat
531 916 701 981 nominibus
721 919 954 983 substantiarum
976 913 1180 1005 καπνοδόκη,
1202 916 1302 1006 δδρο·

191 1014 264 1107 ρόη,
282 1015 438 1107 ιίδροχόη,
458 1038 533 1102 quae
553 1028 585 1082 et
603 1020 768 1085 masculine
785 1020 972 1106 appellantur
988 1017 1184 1107 ιίδροῤῥόος,
1202 1016 1303 1108 δδροὶ

191 1114 269 1213 χόας
274 1170 286 1203 ,
316 1133 417 1189 amen
439 1118 615 1183 vocabulum
637 1122 773 1198 actuale,
803 1144 861 1207 quo
885 1115 1037 1210 κύματος
1058 1120 1124 1212 circi
1150 1123 1303 1204 signitica-

192 1237 261 1303 tnr,
291 1226 327 1293 ab
349 1221 564 1307 adjectivorum
585 1232 693 1287 natura
717 1222 838 1309 longius
858 1223 995 1289 discedit.
1040 1227 1183 1291 ὒοιαιιιιιι
1207 1227 1301 1291 utris·

193 1348 252 1417 qne
274 1344 430 1399 commune
451 1334 486 1396 ut
506 1323 606 1393 locum
627 1326 782 1391 denotent.

693 1516 724 1601 ς.
748 1515 802 1585 ιο.

278 1636 391 1703 Verum
414 1634 467 1700 illc
492 1632 759 1701 Grammaticorum
785 1657 881 1701 canon
906 1659 961 1703 nos
984 1648 1171 1717 commonet,
1203 1650 1238 1705 ιιι
1263 1662 1302 1705 ea

194 1762 309 1827 quoque
335 1738 469 1803 breviter
494 1738 692 1823 attingamus,
727 1758 804 1824 quac
830 1762 898 1804 cnm
924 1742 1108 1825 praeverbiis
1135 1742 1301 1827 composita

192 1840 258 1908 sive
279 1841 377 1927 potius
399 1862 417 1905 a
439 1840 539 1907 verbis
561 1840 731 1925 compositis
752 1843 886 1906 derivata
907 1854 989 1907 sunt.
1022 1844 1136 1908 florum
1156 1844 1299 1930 pleraque

191 1944 339 2031 adjectiva
360 1955 431 2008 sunt
452 1937 685 2031 οἷνοίστροφος,
708 1936 901 2030 οίπδσομος,
923 1939 1137 2031 α’μφίπολος,
1159 1941 1301 2013 οἷνσίλο·

88 2120 91 2127 ,
191 2070 267 2135 ρος,
299 2043 471 2127 οἶνσίξοος,
504 2042 700 2135 διάβροχος,
733 2048 890 2134 depictae,
920 2051 1078 2127 ἔντονος,
1110 2046 1299 2138 ἒπίσροχος,

191 2139 390 2229 ἐπίκλοπος,
412 2144 621 2237 κασσίφορος,
642 2141 874 2236 κατοίρῤοπος,
895 2146 1114 2237 παροίμονος,
1138 2150 1299 2238 περίτρο-

118 2262 121 2283 “
191 2277 274 2333 πος,
296 2246 503 2339 πρόςφορος,
526 2248 723 2337 σύμπνους,
744 2244 977 2341 ιίπόστροφος,
1008 2254 1153 2337 aquibus
1175 2254 1298 2317 secerni

191 2366 321 2441 oportet,
345 2375 419 2446 quac
443 2375 510 2419 cum
531 2353 726 2419 substantivis
748 2375 886 2420 connexa
907 2367 978 2422 sunt
998 2354 1175 2445 ἐπίψογος,
1197 2359 1299 2423 ἔκνο-

189 2481 273 2546 μος,
295 2448 479 2543 δπόλογος,
505 2453 687 2544 σίνοίλονος,
712 2453 905 2546 παράλογος
929 2470 988 2523 οιο.
1014 2459 1116 2543 paucis
1139 2459 1173 2523 iu
1196 2458 1296 2524 medic

190 2559 322 2633 relictis,
353 2577 428 2652 quac
455 2557 542 2622 modo
566 2558 776 2644 synthetorum
800 2561 1048 2645 significationem
1073 2561 1183 2625 babent
1206 2563 1296 2626 modo

190 2660 471 2748 parasyntbctornm
492 2669 527 2725 ιιι
546 2655 697 2750 ὕπαρχος
719 2673 751 2729 et
771 2659 955 2737 ἐπίσκοπος
975 2685 1006 2727 v.
1030 2665 1067 2727 ad
1088 2666 1138 2750 Aj.
1161 2662 1297 2732 attinet

192 2761 287 2828 1105.
331 2762 467 2829 Alterum
489 2783 584 2848 genus
606 2773 653 2827 est
677 2787 719 2829 ex
739 2765 894 2850 adjectivis
918 2775 951 2830 et
969 2766 1164 2830 substantivis
1188 2767 1296 2832 coniu-

189 2887 273 2961 sum3
303 2887 429 2949 namque
452 2887 513 2928 non
533 2865 630 2930 solum
653 2867 761 2930 dicitnr
781 2865 981 2954 περίδρομοι
1003 2859 1101 2941 κιίνος
1122 2879 1154 2931 et
1173 2868 1294 2952 passive

187 2981 270 3058 potor
293 2965 497 3056 περίδρομος
520 2969 621 3033 Νοιιιι.
644 2969 747 3032 XXV.
770 2968 845 3035 388.
875 2970 928 3034 sed
952 2969 1041 3034 etiarn
1066 2967 1168 3038 δτοῦ
1192 2967 1294 3056 ἤλίου

187 3070 393 3162 περίδρομος
420 3071 504 3133 Stob.
533 3072 599 3135 Ecl.
628 3070 653 3134 1.
682 3070 758 3137 440.
788 3072 922 3136 Maneth.
950 3071 1003 3136 IV.
1030 3071 1062 3137 5.
1091 3071 1296 3160 περίδρομοι

189 3175 274 3241 ἐτῶν
295 3174 413 3259 Phryu.
426 3173 500 3256 App.
525 3171 584 3250 60,
604 3172 658 3240 29.
682 3179 720 3240 ci
739 3173 891 3261 περίοδοι
910 3174 980 3241 σῶν
1000 3168 1215 3261 ποριδρόμων
1234 3173 1293 3238 Dio

190 3275 276 3340 Cass.
300 3273 412 3342 XLIX.
436 3271 490 3338 43.
521 3276 599 3358 (iere
623 3287 658 3340 ιιι
682 3277 768 3343 ἐτῶν
789 3275 941 3344 ἐνιαυτοί
960 3277 1055 3341 Arist.
1078 3277 1175 3341 Rana.
1199 3276 1294 3362 347.)

189 3380 350 3460 eodemque
367 3379 453 3441 modo
470 3372 664 3468 οἷνσίρῥους,
679 3377 872 3467 περίρρους,
889 3372 1062 3459 διοίπλους,
1078 3376 1294 3468 παράπλους,

186 3478 387 3566 περίπλους,
411 3480 528 3564 utrique
550 3481 656 3566 generi
679 3483 858 3547 eommunia.
904 3482 962 3546 Sed
983 3483 1169 3547 substantiva
1191 3494 1294 3547 tamen

186 3585 281 3666 magis
306 3582 342 3645 ad
365 3583 537 3646 femininam
561 3585 710 3648 inclinant
733 3584 930 3669 positionem:
968 3581 1166 3675 σῖνασκοπή,
1193 3580 1293 3653 οἶνοι·

185 3676 287 3770 υοπή,
308 3679 450 3770 α’νσονή,
472 3677 663 3770 οἷποτροπή,
686 3678 836 3774 διαδοχή,
857 3680 1022 3774 ἐκδρομή,
1045 3680 1201 3773 ἐπιτολή,
1222 3713 1293 3755 πα-

185 3777 354 3876 ρατροπή,
381 3785 583 3874 περιπλουή,
608 3781 776 3875 προδοκή,
804 3783 958 3878 συννομή
983 3801 1042 3854 etc.
1074 3810 1149 3874 quac
1171 3791 1291 3855 dcccm-

184 3891 280 3976 posita
311 3911 378 3956 esse
407 3891 507 3974 arguit
534 3891 667 3956 defectus
697 3891 873 3976 simplicium
903 3887 1003 3984 λογή,
1030 3887 1156 3981 δρομή,
1185 3887 1291 3977 πολῆ,

183 3986 277 4080 aoid.
306 3991 410 4075 Neque
429 3993 500 4057 mibi
523 3995 724 4079 exploratum,
747 4018 805 4080 quo
825 4008 948 4061 auctore
969 3995 1186 4082 Leuioographi
1208 3995 1294 4060 affir-

120 4159 123 4168 ,
182 4107 267 4161 ment
287 4085 480 4185 πρόδρομος
501 4097 579 4162 idem
600 4097 772 4186 significare
793 4101 870 4184 quud
889 4091 1087 4189 προδρομή,
1112 4099 1167 4164 sed
1188 4098 1290 4172 divea-

183 4219 232 4264 sas
261 4198 447 4266 currentium
474 4201 676 4282 directiones,
709 4223 876 4282 cxcnmus,
904 4223 1103 4289 praecursus,
1131 4221 1290 4278 emersus,
