2792 4725
152 324 204 391 DE
218 322 356 407 11011111.
368 322 526 391 autent.
540 322 592 391 ΕΤ
605 319 734 391 suast.
750 322 842 393 can.
856 324 992 393 annia.
1009 328 1038 414 δ.
1053 326 1106 396 12.
1143 323 1218 397 505

106 492 222 589 ltaque
237 504 270 569 in
291 504 428 569 omnibns
450 504 618 591 hujusmddi
642 495 856 582 snbstdntivis,
887 506 1098 593 strepentia
1123 515 1156 573 et
1175 528 1218 573 ex

107 628 142 673 se
159 616 334 692 spectentur
349 607 497 673 incertum
515 618 574 685 est,
598 630 656 693 qun
676 609 836 674 referende
857 609 898 674 sit
917 609 1115 694 praepositio,
1138 610 1219 675 sient

107 710 218 795 ambigi
239 710 318 775 solet
334 707 532 796 Ἥιοθῆβαι
553 716 589 778 αἱ
607 703 771 785 ἐλύττοος
792 712 910 800 Θῆβαι
929 710 953 798 ἢ
974 717 1011 779 αλ
1030 708 1219 798 ύποκεόμοὲ

106 830 167 881 ναι
192 825 268 886 ταῖς
290 808 496 887 ἑπταπύλοις
524 812 623 877 Schnl.
648 812 684 877 11.
705 814 748 877 11.
773 813 847 879 505.
878 815 1028 899 posterius
1055 827 1090 879 nt
1110 811 1218 885 Ὑπο-

107 914 223 1007 χαλκίς
245 914 299 983 tat
321 912 360 983 τό
380 912 589 985 ὑποκεῖσθαι
610 910 680 1002 όρει
700 917 874 1005 λεγομένῳ
888 914 1038 986 Χαλκίδι
1057 918 1160 1003 5101111.
1185 928 1218 982 a

108 1029 144 1084 nt
164 1015 471 1106 ύπογραμματεύς,
492 1015 779 1099 ύποδιδόσκαλος,
805 1022 987 1094 subcort'ex,
1010 1010 1216 1097 succenturie,
1263 1098 1272 1113 „

108 1122 266 1187 subcustos
296 1121 404 1185 dieitur
431 1123 530 1188 scriba
558 1122 609 1187 vel
638 1123 744 1186 deetur
770 1123 899 1187 inferior
926 1144 968 1186 ex
996 1124 1218 1207 comparatione

108 1224 235 1289 alionum
254 1224 417 1289 scribarum
437 1236 497 1289 etc.
521 1226 566 1291 sic
584 1232 619 1289 ut
636 1246 677 1288 ex
696 1226 831 1309 subjecto
847 1224 1036 1309 intelligatur
1054 1227 1215 1311 abjectam.

110 1327 168 1390 Sed
188 1324 374 1416 ὑφηνίοχος
395 1350 474 1405 non,
498 1327 622 1404 utilla,
645 1327 802 1411 accipitur,
824 1327 1019 1412 audomaga,
1044 1328 1098 1391 sed
1119 1325 1138 1394 ό
1157 1321 1218 1416 ὐφ’

109 1420 204 1518 ᾧτινι
230 1424 353 1516 δήποτ’
375 1423 438 1497 οὖν
463 1423 668 1519 ἤνιοχεύοιν,
698 1429 857 1513 praecipue
883 1425 902 1495 ό
924 1427 993 1496 ύπό
1018 1430 1065 1517 epi
1091 1439 1219 1516 παραι-

108 1526 201 1623 βότῃ
223 1554 254 1596 v.
278 1532 386 1597 Lehrs.
411 1534 446 1597 de
469 1532 564 1597 aaut.
588 1553 617 1615 p.
643 1530 718 1596 115.
764 1531 909 1596 Similiter
928 1526 1095 1616 πρόκυνες
1118 1532 1219 1617 ιρρο1·

109 1636 213 1700 lenitur
236 1640 270 1702 cl
290 1633 357 1721 πρό
377 1634 440 1701 τού
462 1634 557 1701 δεῖνα
578 1630 693 1711 κύνες,
722 1635 861 1719 quiquis
883 1635 924 1699 sit
947 1636 1151 1700 tantummode
1174 1650 1218 1699 ex

110 1739 269 1823 complexu
296 1736 457 1803 verberum
484 1736 613 1821 intelligi
640 1746 756 1821 potest,
788 1748 820 1801 et
839 1733 1007 1826 πρόποδες
1033 1744 1068 1805 οἱ
1088 1729 1219 1823 ἒμπρό-

107 1848 223 1921 ὀθιοι,
254 1860 378 1925 quornm
401 1825 553 1904 neminum
581 1840 701 1922 utrique
725 1840 874 1925 adjectiva
902 1858 1017 1925 quoqne
1038 1838 1217 1925 significatio

110 1944 253 2009 convenit
273 1939 379 2029 αότύρ
401 1934 577 2030 προκύων,
600 1930 813 2017 ὀπισθόπους
833 1942 1016 2029 subsequtus,
1039 1956 1075 2008 ut
1095 1953 1218 2027 antepe-

110 2048 163 2111 des
184 2057 332 2127 vccantnr
352 2045 595 2110 anteambulones
608 2046 683 2129 3⁰⁰),
706 2040 854 2135 α’ντίχειρ
876 2042 896 2111 ό
916 2037 1080 2127 δόκτολος
1101 2041 1220 2111 derived

109 2150 172 2237 τῆς
198 2146 276 2235 ὅλης
303 2144 410 2239 χειρός
437 2142 486 2216 civ
515 2147 621 2212 Galen.
645 2147 682 2210 de
705 2135 757 2212 Ua.
781 2148 863 2211 Part.
887 2146 913 2212 Ι.
935 2148 997 2228 22,
1021 2148 1075 2214 il).
1102 2148 1138 2211 Τ.
1162 2146 1215 2212 111.

111 2254 188 2339 quod
209 2253 388 2337 adjectivum
414 2270 482 2317 esse
503 2251 604 2335 arguit
628 2250 750 2334 generis
771 2251 916 2327 mutatio,
945 2252 1000 2316 sed
1025 2251 1058 2333 in
1078 2251 1218 2335 ambigue

110 2354 292 2440 relinquitur
305 2347 481 2442 πύριππος
500 2358 589 2418 entra
605 2350 815 2443 ούμφραοιν,
835 2364 975 2419 utrumne
990 2353 1141 2439 significet
1156 2347 1219 2420 τόν

110 2453 375 2543 παριππεύοντα
395 2455 419 2544 ἢ
438 2453 532 2543 παρό
553 2456 614 2524 τόν
636 2464 748 2524 ἵππον
767 2456 947 2546 τρέχοντα,
970 2475 1009 2521 an
1031 2442 1218 2520 substantive

110 2559 283 2646 parhippum
310 2561 375 2626 sive
401 2561 615 2644 paraveredum
645 2581 677 2624 v.
700 2560 818 2625 nean·
833 2561 870 2624 ad
897 2559 1054 2624 Constant.
1079 2557 1115 2644 'p.
1139 2555 1216 2623 505.
1286 2593 1289 2596 ’

102 2674 147 2726 ἰιι
166 2660 352 2748 περίκηπος
372 2661 477 2726 hortus
500 2662 549 2746 qui
571 2664 688 2726 domum
710 2665 855 2746 urbemue
877 2663 971 2748 cingit
991 2662 1079 2725 lli'cd.
1094 2661 1155 2725 dr.
1178 2659 1216 2725 1¹·

111 2765 259 2830 XXXIV.
288 2787 318 2850 p.
344 2756 417 2829 106.
447 2763 564 2851 όπιρλ
591 2763 655 2850 τήν
684 2763 797 2832 οἰκίαν
824 2766 933 2851 κῆπος
953 2765 1037 2828 Plut.
1061 2763 1100 2828 V.
1121 2763 1216 2828 niem

110 2867 199 2932 XlX.
223 2879 257 2932 et
276 2863 452 2955 παρήλιος,
474 2887 562 2950 quum
584 2886 638 2950 per
656 2887 689 2946 se
711 2869 869 2952 ancipitem
890 2868 998 2931 hebeat
1017 2865 1217 2942 intellectum,

104 2969 221 3046 abiis,
245 2970 295 3054 qui
310 2970 498 3056 pnraaelene
519 2969 673 3044 dixerunt,
696 2986 750 3053 pro
771 2971 960 3034 substantive
981 2977 1134 3052 acceptum
1156 2975 1216 3031 est.

104 3071 157 3142 'Ac
185 3073 211 3136 si
234 3092 343 3137 nomen
365 3067 527 3144 ύντόύεος
554 3071 641 3135 hodie
657 3071 789 3157 primum
813 3092 864 3157 ex!
880 3071 1004 3157 sepultis
1032 3058 1218 3153 antiquitatis

112 3175 305 3240 munimentis
327 3175 512 3260 proterretur
533 3173 615 3238 nullo
636 3183 772 3238 notatum
793 3183 937 3252 accentu,
962 3193 1050 3237 nemo
1071 3170 1220 3256 suspicari

113 3289 230 3362 posset,
260 3290 359 3342 utrum
381 3276 599 3341 substantivum
621 3277 662 3342 sit
683 3297 723 3340 an
744 3278 941 3362 adjectivum,
968 3295 1043 3366 nec,
1073 3275 1100 3339 si
1119 3274 1217 3358 ptine,

113 3389 215 3444 utrum
242 3381 283 3446 sit
309 3378 329 3448 δ
355 3373 617 3468 ἐναντιούμενός
641 3402 712 3448 τινι
736 3375 819 3455 θεός
846 3399 885 3444 an
907 3378 1082 3445 δι’ἰιιιοιιίιιο
1109 3376 1220 3463 aliquia

113 3625 192 3677 Anti.
211 3623 267 3675 Pal.
287 3621 320 3675 V.
340 3639 365 3674 n.
384 3622 445 3678 252.
468 3621 545 3688 rolpv
562 3610 744 3717 ducpcpdpae.
779 3621 823 3675 Sic
845 3629 873 3674 et
891 3622 939 3674 hcc
957 3621 1013 3674 loen
1033 3617 1072 3694 τῇ
1090 3616 1145 3674 τόν
1156 3612 1218 3674 Ἀθ.

113 3700 206 3764 πόλει.
243 3709 291 3762 Sed
309 3716 337 3760 et
354 3707 481 3773 adjective
500 3707 550 3758 dici
567 3715 653 3774 potest
669 3705 751 3762 πόλιν
767 3704 929 3774 duedecim,
952 3715 984 3759 ut
999 3703 1162 3778 νεόπτολιω
1203 3764 1207 3773 ,

186 3797 248 3864 100)
268 3791 427 3851 Ἀντίποδιι
448 3794 572 3864 dicuntur
595 3795 638 3859 qni
656 3795 774 3847 adversis
793 3796 910 3861 vestigiis
927 3801 999 3867 etant
1020 3799 1113 3845 contra
1129 3797 1221 3842 nestra
1283 3839 1286 3844 ,

113 3881 242 3946 vestigia;
268 3878 423 3949 antipatres
439 3893 501 3932 verc
519 3879 698 3947 retrogradus
721 3889 751 3932 nt
767 3878 795 3932 et
811 3876 981 3935 ὀπισθόπους
1001 3879 1082 3948 accipi
1099 3883 1184 3945 petest
1202 3868 1221 3929 ό

114 3961 236 4020 ὄπισθεν
248 3963 437 4036 πορευόμενοι·
462 3963 536 4021 dieis
551 3969 710 4034 protreptici
724 3968 830 4029 dieitur,
839 3963 935 4036 ’δαρόν
949 3961 1047 4033 χρόνου
1059 3952 1137 4017 πόδα
1150 3961 1216 4015 Eur.
1325 4027 1327 4030 y

113 4052 207 4105 Bacch.
226 4053 286 4105 tte.
310 4048 452 4120 παρθένου
470 4049 549 4121 δίχοα
566 4045 644 4108 πόδα
661 4053 707 4105 οο.
728 4052 805 4109 llll.
829 4050 859 4108 οἱ
872 4048 918 4122 cip'
933 4048 1032 4121 ἤοόχοο
1048 4043 1134 4104 ποδός
1148 4048 1218 4101 idad.

112 4133 175 4197 att.
195 4139 223 4192 ld
240 4149 282 4193 eat
296 4139 410 4192 modeste
428 4140 591 4203 incedentes,
614 4139 756 4193 Μπιιολπι
772 4155 824 4191 ccc
836 4138 941 4204 ‚attimar
958 4135 1083 4193 Wunder.
1109 4134 1216 4188 Latrat.

113 4222 159 4279 v1.
180 4227 240 4282 638.
266 4241 319 4296 pua
336 4228 381 4280 cta
395 4247 431 4266 ⁶-
448 4227 632 4298 liquide-pede
648 4225 857 4300 demittendae.
