2792 4725
171 301 175 313 '
206 288 279 357 550
561 282 876 405 nlsspnuanlo
904 283 943 347 V.

206 449 320 515 minine
347 446 372 532 ἦ
396 439 653 534 εἷνθεμονργός,
673 435 950 533 ἤνετρεέκνκλοε,
980 440 1321 535 ἤλιβανωτεφόρος,

204 550 229 639 ἦ
247 544 394 638 τριήρης,
418 549 562 626 volucris,
585 549 684 611 lanata
706 548 747 611 cf.
764 546 909 632 Aglaoph.
933 547 970 611 Τ.
985 545 1010 613 l.
1025 546 1101 613 847.
1147 549 1228 614 llaec
1252 550 1320 634 igi-

206 665 268 734 tur,
293 653 362 737 qnia
382 652 428 716 rei
450 664 550 717 notam
572 650 716 735 quandam
743 650 948 713 demonstrant
976 650 1051 714 nulli
1077 650 1130 715 alii
1160 651 1207 717 rei
1235 673 1321 716 con-

205 756 390 830 venientem,
413 752 622 839 intelliguntur
643 772 698 836 per
718 772 752 815 se
773 751 837 835 ipsa
858 752 956 816 addito
972 754 1149 838 praesertim
1164 754 1316 819 articulo.

206 858 251 922 Ac
272 858 300 923 si
321 857 386 942 quis
409 877 518 920 nomen
540 875 655 940 quoqne
682 851 702 919 ὁ
725 851 920 941 Κορίνθιος
942 855 1071 921 audierit
1091 856 1174 921 nnllo
1200 856 1317 941 adjun-

150 1020 159 1035 ,
206 970 255 1025 cto
276 959 348 1036 alio,
372 958 520 1043 hominem
541 958 624 1043 prius
649 977 737 1041 qnam
764 955 845 1021 alind
866 958 934 1041 qnid
963 958 1143 1043 cogitatione
1172 981 1316 1044 compre-

205 1062 327 1139 hendet,
350 1061 418 1147 quia
439 1060 521 1124 nulla
542 1060 626 1123 nobis
647 1059 837 1144 praesentior
857 1059 951 1139 notio,
975 1071 1007 1125 et
1027 1060 1055 1125 si
1075 1061 1219 1126 feminina
1230 1062 1317 1132 Λα-

204 1160 342 1250 νωνική,
366 1159 511 1249 Θρᾳκίω,
532 1158 747 1249 Ἀντανδρία,
771 1161 988 1280 Htcooa'pcco,
1010 1166 1245 1250 potissimumde
1260 1187 1316 1230 re·

205 1268 342 1353 monibus
365 1266 515 1350 cogitabit,
538 1286 610 1349 qaas
632 1264 859 1329 usitatissimum
888 1277 937 1331 ost
959 1266 1009 1332 vel
1030 1268 1068 1331 al
1088 1266 1195 1332 incolis
1217 1268 1315 1332 deno·

204 1370 314 1435 minari
335 1368 384 1433 vel
405 1370 441 1435 ab
463 1370 537 1434 urhe
558 1367 715 1453 principali
736 1366 787 1433 vel
808 1388 826 1432 a
847 1371 1040 1452 proventibus
1060 1370 1158 1436 aliave
1175 1371 1314 1457 proprie·

204 1481 268 1536 tate
293 1470 362 1537 soli.
406 1470 539 1535 Alterius
561 1470 681 1555 generis
709 1470 825 1555 species
852 1471 1018 1557 plurimae,
1048 1476 1185 1538 omnibus
1206 1486 1313 1538 autem

206 1574 262 1639 hoc
284 1594 439 1639 commune
462 1582 528 1649 est,
552 1573 631 1657 quod
659 1572 692 1636 in
720 1572 795 1638 alias
822 1586 911 1661 atque
937 1576 1012 1641 alias
1042 1597 1093 1642 res
1121 1578 1313 1641 accomodari

205 1687 331 1761 possunt
351 1696 447 1759 neque
468 1673 680 1760 intelliguntur
711 1676 771 1740 nisi
799 1698 841 1741 cx
863 1676 1020 1763 complexu
1046 1679 1217 1743 verboram.
1263 1678 1313 1743 lta

203 1771 339 1859 θείειος,
361 1771 483 1865 odoror
505 1787 537 1841 et
558 1787 659 1842 cetera
680 1779 791 1865 topica,
814 1779 896 1844 nullo
918 1782 986 1845 dum
1008 1779 1067 1845 alio
1088 1780 1310 1863 vertendum,

204 1892 239 1946 ut
259 1884 296 1946 ad
317 1880 465 1945 hominem
486 1882 652 1947 referamus
674 1880 739 1968 ipsa
760 1894 867 1948 natura
892 1883 937 1948 rei
958 1884 1109 1962 admonet,
1133 1882 1184 1947 sed
1200 1884 1226 1948 si
1242 1885 1311 1969 quis

129 2050 132 2057 ,
203 1983 254 2048 vel
274 1982 327 2047 illo
348 1984 469 2047 nomine
490 1982 606 2063 vinum,
629 1984 680 2052 vel
704 1985 760 2049 hoc
785 1985 948 2069 placentam
971 1984 1141 2071 significare
1161 1984 1309 2065 voluerit,

202 2107 275 2173 opus
303 2098 349 2151 cst
364 2086 438 2151 valiis
471 2108 545 2173 qnae
567 2088 673 2151 harnrn
703 2108 806 2156 rerum
830 2089 1042 2173 cogitationem
1064 2087 1216 2167 excitent,
1248 2088 1309 2153 hoc

204 2199 251 2255 est
264 2190 394 2266 bibendi,
418 2187 523 2255 edendi
544 2189 749 2273 similibusque
774 2191 889 2274 verbis,
913 2172 1167 2274 quemadmodum,
1191 2191 1217 2259 si
1235 2191 1311 2255 dici·

203 2304 254 2357 tur
274 2283 402 2360 θᾶσιον
427 2294 547 2382 ἐγχεῖν,
574 2295 670 2359 ἔπινε
683 2285 807 2371 πολύν,
832 2288 954 2361 δικάσω
971 2330 1014 2344 -
1028 2297 1123 2364 ἰθεῖα
1135 2289 1200 2384 yoip
1213 2295 1312 2361 ἔσται

203 2394 239 2460 ll.
262 2395 376 2460 XXlll.
402 2393 476 2460 580.
500 2395 544 2459 rei
566 2395 648 2469 notio
672 2417 713 2460 ex
734 2398 826 2462 verbo
848 2399 974 2483 patescit
995 2409 1027 2463 et
1048 2397 1177 2462 nominis
1193 2418 1309 2483 genere

201 2491 408 2585 grammatico.
459 2498 612 2583 Ejusmodi
639 2509 740 2563 antem
767 2496 945 2564 adminiculo
973 2503 1124 2566 subtracto
1157 2501 1306 2586 adjectiva

201 2599 309 2665 localia
329 2622 391 2664 non
413 2601 511 2664 minus
533 2622 609 2686 vaga
631 2612 662 2665 et
686 2600 839 2665 indefinita
860 2613 942 2679 sunt,
966 2624 1052 2687 quam
1075 2600 1224 2688 quaelihet
1244 2601 1307 2666 alia

202 2703 343 2790 epitheta,
365 2702 423 2768 nisi
451 2703 527 2790 quod
556 2704 589 2766 in
618 2703 794 2770 universum
824 2704 933 2770 soinaus
962 2704 1093 2770 Graecos
1122 2703 1305 2788 latinosque

200 2807 231 2872 id
252 2806 329 2891 quod
351 2805 474 2890 quisque
496 2807 580 2871 locus
602 2806 746 2872 eximium
767 2807 869 2886 hahet,
884 2807 920 2872 ab
935 2828 971 2872 co
988 2807 1055 2873 loco
1069 2807 1219 2892 appellare
1233 2827 1306 2870 con·

204 3012 414 3028 μ

200 3152 291 3215 νειοῖο,
309 3149 472 3202 scribendam
496 3154 537 3200 est
558 3142 691 3215 stacam,
717 3149 927 3216 quemadmodum
947 3147 1028 3201 Poeta
1049 3149 1082 3200 de
1106 3149 1174 3215 siqu.
1192 3144 1257 3202 coel
1275 3149 1304 3200 ia

200 3236 279 3288 Anth.
298 3236 357 3288 Lat.
375 3236 406 3288 L.
427 3233 460 3288 V.
479 3234 527 3301 Ep.
546 3235 590 3287 to.
613 3231 792 3302 squamffcroc
803 3238 893 3301 pisces
907 3234 1050 3287 nominavit
1061 3250 1114 3296 coa,
1135 3235 1179 3301 qni
1195 3235 1305 3286 incocto

201 3329 264 3373 sunt
288 3323 421 3386 collocati,
448 3330 475 3374 et
498 3319 619 3373 Manilius
637 3319 682 3373 lV.
703 3319 763 3373 tat.
789 3319 894 3388 looa'gcr
915 3323 944 3372 c'n
966 3321 1052 3374 medio
1070 3323 1188 3372 sortitus
1214 3319 1306 3372 sidera

200 3407 308 3460 mundo.
345 3407 406 3459 Pari
423 3409 528 3460 licentia
546 3407 664 3460 Oceanus
682 3407 746 3458 dena
764 3402 903 3477 ᾰψόῤῥοοε
918 3415 1037 3470 vocatur,
1056 3407 1147 3459 Tellus
1165 3407 1214 3458 dea
1229 3420 1244 3457 a
1259 3405 1302 3456 So-

199 3494 257 3545 lone
274 3491 391 3562 μέλαινε
408 3501 435 3544 ct
459 3493 485 3544 ln
503 3494 607 3546 oraculo
632 3492 716 3544 Schol.
735 3493 817 3544 Arist.
837 3492 918 3543 llann.
939 3493 1014 3547 llll.
1034 3484 1224 3562 μελάμφυλλοε
1239 3491 1301 3542 dici-

200 3587 254 3631 tnr.
291 3577 429 3630 Contraria
446 3581 546 3632 ratione
564 3581 694 3647 epitheton
711 3595 736 3630 a,
746 3594 856 3646 persona
871 3581 905 3630 ad
922 3595 976 3631 rem
995 3579 1155 3632 transfertur
1171 3577 1300 3630 inllcrod.

200 3663 235 3720 V·
254 3664 325 3717 llum.
346 3681 369 3716 c.
389 3664 435 3718 lx.
464 3667 494 3719 ol*
508 3656 635 3736 Σμύρνην
651 3661 786 3734 e'ptoiandu
805 3663 901 3732 κούρην
916 3669 1019 3729 ναίετε,
1042 3673 1071 3718 ct
1083 3665 1147 3718 Eur.
1160 3662 1229 3716 Mat.
1241 3661 1300 3715 880.

199 3749 273 3806 ἔνθα
289 3745 359 3804 ποθ’
380 3746 465 3820 u‘yvdc
479 3747 611 3822 Πιερίδες
628 3747 733 3820 λέγουσι
753 3745 860 3812 §cadolo
878 3745 1027 3822 Ἁρμονίαν
1045 3747 1190 3822 φυτεῦσαι,
1219 3749 1304 3800 idest

199 3833 333 3904 μουσικήν
352 3836 408 3886 sive
425 3831 555 3889 παιδείαν
570 3835 706 3890 iaculoue.
741 3835 779 3886 De
797 3837 910 3902 epitheto
934 3835 1025 3905 ξανθή
1044 3839 1110 3906 qnod
1134 3839 1197 3889 dicit
1220 3837 1301 3889 Elma-

199 3919 283 3986 lcjns,
303 3919 428 3972 refellant
444 3922 577 3987 superiora
595 3921 719 3988 exempla,
739 3923 770 3973 dc
788 3923 882 3990 quibas
899 3925 984 3975 dicere
1001 3923 1064 3976 licet
1077 3923 1245 3990 quocsmct
1256 3923 1300 3974 0r.

199 4007 260 4092 90⁸⁰·
279 4002 315 4061 col
331 4003 428 4077 procaci
445 4009 503 4061 acic
515 4008 648 4076 μυθικοῖς
661 4011 854 4078 καταμίγνυσιν
867 4004 1022 4081 moulins.
1059 4010 1095 4063 Et
1106 4023 1231 4078 quaenam
1245 4015 1300 4059 tan·

200 4093 256 4146 dem
274 4093 320 4146 illa
336 4093 476 4146 Harmonia
492 4093 558 4156 erit,
584 4108 650 4160 quac
672 4095 775 4163 propria
797 4102 919 4163 tanquam
942 4111 1051 4162 persona
1074 4096 1198 4166 appellari
1221 4094 1300 4164 posuit

199 4177 312 4247 ξινθῆῗ
344 4179 438 4236 Martis
455 4187 526 4236 corto
542 4179 598 4235 filia
616 4180 649 4232 alr
665 4181 713 4234 lucc
729 4182 784 4235 loco
801 4182 967 4246 alternum·
