2792 4725
218 247 222 257 ¹
311 264 371 372 nn
400 301 563 372 noum.
592 255 767 371 nouos.
796 302 834 370 o.
856 300 920 369 111.
951 303 980 390 p.
1002 303 1037 372 ο.
1169 303 1237 371 αα

119 481 192 550 hum
214 484 354 566 ducetur,
376 485 407 550 id
429 482 542 572 φρονῶ
563 503 631 548 esse
653 481 782 559 delere,
803 491 912 569 tropen
932 503 1009 548 vero
1028 481 1143 548 vocalis
1160 465 1185 549 ἶ
1202 483 1236 548 in

116 575 139 655 h
162 587 275 652 nullam
297 587 415 652 admitti
438 586 498 650 nisi
519 586 552 649 in
573 583 713 671 synthesi
734 579 897 672 σοέφραν,
921 579 1074 671 εὔφρων,
1099 578 1234 673 ἄφρον,

117 692 198 754 unde
223 712 313 775 quum
338 687 507 756 derivatum
532 697 614 752 esset
634 689 761 752 vcrhnm
786 681 969 775 ἄφρονεῑν,
1000 687 1088 773 hujus
1114 699 1234 752 contra-

115 793 197 857 rium
221 793 279 858 dici
301 805 456 881 φρονεῖν.
495 790 591 873 Supra
612 788 649 852 C.
669 788 694 852 l.
719 789 747 872 5.
772 787 805 855 3.
830 790 894 854 dixi
916 809 1012 876 genus
1034 811 1103 856 esse
1125 811 1234 877 synec-

116 895 251 974 dromae,
276 917 334 981 quo
353 893 507 960 contraria
525 891 686 956 contrariis
707 891 924 969 assimilantur,
946 891 1091 976 attuliqne
1111 893 1234 960 nomina
1282 905 1288 910 '

115 1006 148 1060 ct
175 1000 269 1063 verba
295 997 459 1082 composita
485 1016 528 1060 ex
553 993 737 1078 simplicibus
765 1005 854 1072 nato,
887 1016 962 1080 quae
984 996 1050 1060 sine
1072 994 1134 1059 illis
1156 1015 1233 1060 nun-

114 1120 204 1183 quam
226 1100 402 1166 extitissent
422 1089 841 1186 σύμβαμα-ἀσύμβαμα,
864 1087 1234 1186 tempusa-docuiq-

111 1208 182 1270 θαι
210 1201 363 1267 Plutarch.
392 1202 430 1266 de
451 1201 533 1266 Plac.
558 1199 636 1264 Phil.
660 1200 685 1264 l.
716 1199 771 1267 27.
817 1197 924 1288 Neque
952 1200 1136 1266 connarium
1164 1201 1232 1268 lieri

113 1322 204 1388 posse
226 1325 322 1390 nego,
357 1315 392 1368 nt
412 1323 627 1386 nonnunquam
653 1302 826 1386 compositis
855 1314 961 1368 contra
987 1301 1232 1388 ponantur'sim·

115 1407 226 1492 plicia,
258 1408 317 1472 etsi
345 1406 516 1491 exemplum
544 1407 630 1471 deest
655 1415 777 1490 practer
800 1405 873 1470 illud
902 1399 1111 1474 οὐδέν-δέν.
1154 1404 1232 1471 Nam

111 1511 231 1586 coniti,
255 1531 314 1594 quo
336 1531 410 1594 qaus
431 1531 498 1574 sum
520 1508 558 1572 ad
578 1508 628 1593 Aj.
652 1530 683 1592 p.
705 1505 760 1572 81.
782 1528 893 1572 vanum
916 1519 965 1573 est
984 1509 1128 1574 llardnini
1151 1530 1230 1574 com·

113 1624 270 1688 mentum,
302 1613 438 1698 qnodque
465 1609 641 1676 Eustathius
668 1609 742 1674 dicit
776 1608 934 1696 p.1893,
962 1609 1017 1676 30.
1054 1607 1072 1678 o‘
1100 1606 1231 1698 αἰθομέ-

111 1739 208 1790 οτιος
237 1710 440 1802 ἀφαιρεθεὶς
469 1709 535 1799 τήν
567 1710 722 1800 κεφαλήν
752 1707 911 1780 α’ποτελεῑ
938 1710 1000 1781 τόν
1030 1712 1230 1800 Θεμίστιον,

104 1819 209 1904 jocari
233 1819 366 1883 videtur.
412 1817 470 1880 Sed
501 1828 660 1902 φρονεῖν,
690 1817 816 1880 verbnm
841 1816 1069 1881 usitatissimum
1096 1829 1128 1882 et
1151 1819 1231 1882 nnti-

111 1921 308 2004 qnissimum,
335 1939 378 1984 ex
398 1914 565 2005 α’φρονεῑν
587 1929 688 1982 ortum
710 1938 778 1984 esse
801 1920 881 1984 dictu
903 1919 1049 1997 arduom3
1080 1941 1229 2004 quumque

111 2014 204 2109 φρήν
226 2023 324 2087 solum
346 2023 388 2086 sit
407 2020 696 2107 monosyllahorum,
721 2022 797 2106 quod
819 2021 851 2084 in
873 2021 1003 2086 transitu
1027 2021 1163 2087 vocalem
1184 2023 1228 2088 bi-

111 2125 312 2211 syllahorum‚
336 2125 513 2210 (πατέρος,
535 2119 670 2211 α’νέρος)
692 2125 755 2188 ritu
774 2123 935 2208 corripiat,
958 2125 1094 2209 idemque
1116 2123 1226 2201 solum,

113 2228 194 2310 quod
222 2249 264 2291 ex
290 2247 324 2292 sc
354 2239 386 2292 et
412 2229 538 2292 verbum
565 2227 725 2313 progignat
753 2237 785 2291 et
813 2226 1033 2292 substantivum
1063 2221 1227 2313 (podere),

110 2351 174 2396 non
196 2329 321 2395 nimium
343 2330 429 2395 nohis
450 2351 594 2416 arrogare
616 2330 766 2409 videmur,
795 2328 822 2395 si
842 2315 864 2397 ο
886 2329 1002 2395 micron
1031 2330 1119 2416 hujus
1141 2331 1229 2397 verbi

113 2444 260 2498 consucta
282 2433 418 2519 enallage
440 2455 482 2498 cx
500 2421 523 2500 s
542 2432 670 2518 genitivi
691 2433 832 2497 extitisse
854 2433 1080 2510 contendimus,
1106 2454 1147 2499 cx
1169 2456 1227 2519 quo

108 2537 148 2599 ad
168 2536 333 2619 composita
353 2557 470 2621 quoque
490 2537 668 2601 translatum
689 2547 750 2611 est,
773 2529 906 2622 ἄφρων,
928 2530 1064 2623 εὔφρων
1085 2548 1120 2602 nt
1138 2531 1227 2605 οέποῖ·

111 2661 201 2723 τωρ,
224 2631 387 2726 διμήταρ.
428 2633 574 2727 Ηνορέη
595 2639 771 2725 Apollonius
793 2660 835 2703 en
856 2635 1018 2726 εὐηνορέη
1040 2641 1227 2705 decurtatum

107 2753 215 2827 putat3
242 2753 319 2815 „nam
340 2742 377 2803 ab
400 2737 521 2827 οἷνέρος
549 2743 736 2806 formandum
763 2742 858 2807 fuisse
881 2737 1001 2827 οἶνορέα
1028 2742 1079 2807 vel
1101 2744 1137 2807 ah
1161 2737 1227 2810 α’ν-

107 2838 189 2931 δρός
210 2838 333 2931 α’νδρέα
354 2856 389 2909 ut
409 2844 446 2907 ah
467 2843 609 2933 αἰθέρος
630 2842 782 2930 αἰθερία.
816 2844 858 2909 At
879 2845 946 2928 quis
967 2846 1076 2911 audeat
1097 2847 1226 2913 rocchu-

108 2948 174 3011 lnm
201 2947 290 3031 plane
318 2946 491 3031 singulare,
525 2958 557 3012 at
577 2940 807 3034 οἷπαρέθετον
835 2947 890 3011 suh
917 2948 1046 3013 formula
1067 2950 1227 3034 judicare?

109 3049 319 3114 concedamus
333 3050 491 3114 Eustathio
508 3074 539 3137 p.
554 3048 632 3126 826,
649 3048 704 3113 56.
725 3044 819 3136 ἤνωρ
838 3050 933 3115 fuisse
949 3044 1113 3139 ἄρρητον,
1131 3074 1226 3136 quam

110 3174 201 3237 qnam
224 3152 328 3215 afferri
350 3163 449 3236 potest
474 3165 506 3219 et
528 3152 671 3240 Hesychii
693 3152 899 3216 testimonium
914 3147 1032 3239 Ἦναρ
1054 3149 1168 3244 ἅρχων
1194 3167 1227 3221 et

109 3255 275 3319 similitudo
304 3255 435 3319 nominis
462 3251 616 3343 φρήτωρ,
645 3256 699 3319 scd
728 3254 802 3319 illud
825 3266 926 3320 tamen
948 3256 1033 3320 nohis
1062 3258 1137 3342 eripi
1163 3279 1225 3322 non

108 3358 278 3442 patiemur,
308 3358 344 3421 ah
368 3350 456 3445 οἷνήρ
477 3355 615 3444 ἠνέρος,
644 3368 680 3421 ut
707 3354 772 3443 οἷήρ
793 3354 910 3444 ἠέρος,
939 3369 972 3422 ct
991 3370 1105 3423 mutata
1126 3360 1225 3424 vocali

107 3452 236 3545 η’νόρος
258 3460 404 3547 declinari
426 3461 578 3545 potuisse,
608 3462 688 3524 nude
710 3462 819 3546 pendet
840 3460 1064 3548 Hesychianum
1084 3457 1225 3550 α’νόρεος

108 3558 268 3651 deductor
291 3562 518 3647 copulatumque
542 3560 779 3650 dorsochpeor.
819 3564 860 3628 Et
879 3575 914 3628 ut
935 3562 1011 3627 nihil
1032 3564 1158 3629 istorum
1180 3566 1224 3630 di-

110 3676 193 3730 ctum
220 3666 280 3741 sit,
312 3664 443 3731 fortasse
467 3667 533 3750 ipsa
556 3666 788 3753 compositorum
814 3667 911 3731 forma
935 3666 1036 3731 animo
1063 3668 1225 3755 anticipata

109 3767 279 3833 derivatum
301 3762 457 3855 α’νόρεος,
481 3764 624 3856 ἠνορέη,
651 3769 685 3832 in
706 3770 755 3832 sni
776 3767 1001 3833 similitudinem
1024 3770 1138 3851 traxit3
1171 3794 1223 3836 cu-

105 3873 156 3959 jus
182 3854 330 3956 prolepsis
355 3872 494 3958 exempla
518 3871 633 3956 aliquot
655 3872 735 3937 inira
759 3872 974 3957 producemus;
1010 3874 1098 3958 cique
1123 3876 1224 3960 conje-

110 3987 215 4040 cturae
242 3974 300 4038 hoc
321 3973 439 4040 facilius
460 3974 683 4060 indulgebitur,
715 3976 792 4060 quod
813 3996 832 4039 a
854 3976 938 4040 nullo
959 3976 1019 4044 alio
1047 3960 1169 4043 nomine
1189 3979 1223 4043 in

107 4062 154 4164 ἦρ’
179 4086 315 4142 exeunte
343 4077 495 4161 primitivo
522 4077 744 4143 substantivum
769 4061 860 4146 inm
886 4078 1037 4156 nascitur,
1070 4082 1108 4147 ad
1137 4083 1222 4169 cujus

109 4202 246 4246 normam
276 4177 351 4245 illud
380 4180 477 4265 possit
503 4180 607 4266 exigi;
652 4202 722 4246 nam
751 4201 826 4265 quae
854 4180 1032 4267 Apollonius
1061 4197 1220 4261 memorat,
