2792 4725
182 305 256 375 220
384 309 388 317 ’
529 294 942 375 0188111111110111.
1075 320 1080 333 ·

184 502 297 567 mor,
317 484 360 554 od
380 482 477 557 moire
498 482 630 574 datam
649 501 723 563 τοῖς
743 490 920 567 παλαιοῖς,
946 490 1023 573 quod
1045 488 1096 553 alii
1119 484 1198 579 ἰχώρ
1220 491 1298 555 sori-

183 602 308 673 pserunt
327 592 457 655 lortasse
479 602 514 655 ut
533 591 756 657 indeclinabile.
794 591 983 657 Femininum
1004 594 1125 659 videtur
1146 589 1296 681 niduari

183 683 282 778 φωνή
301 693 435 780 Hesyob.
459 704 619 778 cognatum
640 715 708 758 oum
730 687 909 781 eedoptid'u.

633 848 742 901 CAP.
786 849 841 901 llI.

146 983 148 987 >
225 946 283 1017 De
312 950 540 1016 nominibus
570 949 608 1013 in
637 950 763 1037 sigma
791 949 957 1037 simplex
987 950 1240 1016 exeuntibus.

691 1088 721 1171 p.
749 1084 780 1150 1.

267 1187 317 1253 Ex
338 1188 509 1253 nominibus
530 1188 643 1273 primae
662 1189 872 1254 declinationis
894 1211 985 1253 unum
1004 1186 1129 1276 βορέας
1150 1188 1206 1253 boo
1228 1188 1297 1253 loeo

181 1298 312 1355 motare
330 1302 473 1459 statptum
491 1291 598 1371 babeo,
622 1293 699 1375 quod
721 1292 753 1355 in
775 1290 961 1376 appositione
984 1302 1085 1355 manet
1106 1293 1295 1355 immutatum

178 1391 379 1480 μελαμβορέ
402 1418 435 1474 ς,
471 1402 604 1457 mutatur
631 1395 663 1457 in
691 1392 833 1481 synthesi
862 1388 1076 1481 κατάβορῤος
1104 1394 1182 1459 Plat.
1214 1394 1293 1457 Crit.

182 1493 256 1558 118.
282 1495 317 1559 Β.
350 1487 635 1583 ὑποκατάβορρος
656 1494 829 1581 TheophrS
839 1489 1051 1587 πρόςβοῤῥος
1076 1497 1151 1559 Eur.
1183 1497 1232 1558 oui
1257 1495 1295 1559 li·

180 1596 273 1660 brarii
290 1618 379 1681 saepe
397 1598 524 1661 alterum
545 1586 569 1685 p
583 1597 764 1662 subtrabunt
782 1618 814 1660 v.
830 1598 999 1665 Tasobuek.
1018 1599 1170 1683 adStrab.
1186 1598 1222 1661 T.
1238 1598 1293 1661 lll.

179 1697 235 1790 34.
254 1699 290 1763 Τ.
306 1699 360 1764 Ν.
378 1700 454 1764 452.
479 1700 725 1788 Sobpeigbaeus.
746 1699 783 1763 ad
800 1700 913 1765 Athen.
930 1700 966 1764 Τ.
983 1700 1021 1764 ll.
1042 1698 1116 1765 100.
1141 1712 1172 1765 et
1190 1724 1298 1787 προς-

178 1792 323 1889 βόρειος,
344 1793 542 1890 διαβόρειος,
562 1796 826 1891 μελαμβόρειος,
848 1804 924 1887 apud
942 1802 1192 1886 Theophrastum,
1213 1804 1297 1867 Stra·

155 1904 309 1982 'bonem‚
346 1906 480 1990 aliosque
508 1906 711 1983 inferiorum,
756 1926 793 1969 ao
821 1914 943 1989 gentem
973 1925 1089 1989 quoque
1120 1905 1296 1969 Hellanicus

176 1999 411 2094 ’Υπερβόρειοι
430 2001 554 2095 γράφει
576 2004 631 2074 deul
654 2003 847 2096 διφθόγγον
872 2006 976 2091 Stepb.
1005 2018 1040 2070 ut
1059 2006 1168 2071 lambl.
1193 2007 1233 2071 V.
1256 2008 1295 2071 P.

177 2108 312 2173 XXXll.
334 2110 410 2176 215.
435 2132 465 2194 p.
485 2108 560 2175 430.
585 2110 706 2174 Aelian.
727 2110 765 2173 V.
788 2109 826 2173 ll.
850 2108 889 2172 ll.
913 2107 967 2176 26.
992 2108 1131 2173 ll.A11n.
1155 2109 1213 2173 Xl.
1238 2106 1293 2174 10.

178 2212 230 2275 ubi
251 2212 309 2276 duo
329 2213 414 2278 oodd.
431 2206 657 2299 Ὑπερβόρεος
677 2213 834 2295 praebent,
857 2232 945 2295 quom
965 2212 1092 2275 formam
1114 2232 1174 2275 non
1194 2212 1294 2277 solum

177 2313 413 2380 Herodotilibri
434 2336 585 2380 consensu
610 2336 727 2380 summo
750 2322 891 2391 tuentur,
922 2315 974 2379 sed
1004 2315 1094 2379 etiam
1121 2324 1294 2380 ceterorum

177 2418 318 2503 exempla
341 2418 587 2482 numerosissima
602 2417 713 2482 Aesob.
732 2415 867 2503 Choepb.
884 2414 959 2481 383.
981 2415 1057 2482 Plat.
1073 2415 1198 2483 Charm.
1215 2416 1290 2482 158.

177 2517 213 2582 B.
236 2519 364 2585 Aristot.
390 2521 428 2583 H.
448 2520 529 2584 hun.
550 2520 602 2584 Vl.
627 2518 831 2585 29.‘Luoian.
859 2519 989 2604 Philops.
1013 2520 1041 2603 §.
1065 2518 1117 2584 13.
1143 2520 1292 2584 Antonin.

175 2618 244 2685 Lib.
269 2643 297 2685 o.
317 2623 391 2686 XX.
415 2623 527 2686 Athen.
546 2622 631 2686 Xlll.
656 2620 731 2688 605.
756 2621 792 2684 C.
816 2621 904 2708 Diog.
925 2619 980 2685 La.
1000 2622 1081 2686 Vlll.
1106 2619 1159 2685 11.
1182 2622 1290 2686 Liban.

124 2753 132 2770 ν
175 2721 213 2785 Τ.
228 2723 253 2788 l.
270 2723 344 2789 378.
366 2726 511 2811 Porphyr.
528 2725 566 2790 V.
584 2726 618 2789 Ρ.
637 2748 667 2810 p.
688 2724 742 2808 58.
765 2724 851 2788 Sext.
872 2747 899 2788 o.
916 2723 970 2787 Ph.
986 2723 1011 2788 l.
1030 2723 1104 2790 603.
1125 2734 1185 2789 eto.
1204 2735 1295 2807 atque

176 2824 297 2889 illorum
330 2827 482 2912 ipsorum,
523 2850 564 2893 ex
597 2829 704 2913 quibus
734 2827 822 2890 modo
851 2822 1089 2915 Ὺπερβὸρειος
1121 2826 1290 2906 attulimus,

61 2942 63 2945 ·
175 2926 333 2993 ramnum.
357 2930 396 2995 v.
420 2930 454 2994 r.
479 2930 531 2994 vt.
556 2929 611 2995 ao.
634 2952 664 3014 p.
688 2927 742 2992 os.
773 2911 862 2996 xtx‘.
886 2927 919 2994 o.
944 2952 973 3014 p.
1000 2927 1073 2993 uno.
1103 2928 1223 2992 Aetion.
1249 2928 1289 2992 u.

174 3029 257 3096 Ann.
280 3032 337 3095 Xl.
363 3031 395 3097 1.
442 3022 577 3118 Simplex
601 3053 676 3096 vero
701 3024 821 3120 βάρεος
843 3032 928 3095 Aret.
954 3029 1030 3096 240.
1061 3031 1184 3096 sustulit
1206 3031 1293 3095 Butt-

176 3155 323 3212 mannus‚
354 3146 386 3200 et
409 3157 463 3220 pro
486 3128 631 3226 βόῤῥεος
654 3135 766 3231 Aesob.
791 3135 873 3217 Sept.
898 3132 973 3199 520.
1001 3134 1134 3198 seribere
1159 3143 1294 3217 praestat
1347 3175 1351 3182 -

173 3238 357 3327 βορῥαῑος,
387 3241 464 3323 quod
487 3250 519 3304 et
539 3239 595 3302 boo
618 3238 689 3325 loeo
707 3260 774 3302 oum
795 3228 952 3324 βόῤῥειος
978 3235 1044 3298 dive
1064 3227 1199 3324 βόρειος
1226 3257 1293 3299 oer-

175 3348 221 3403 tat
241 3351 273 3403 et
293 3342 364 3405 alibi
386 3363 417 3405 v.
437 3341 555 3406 Jacobs
580 3343 617 3406 ad
638 3341 733 3405 Antb.
754 3340 817 3404 Pal.
836 3338 888 3402 Vl.
914 3359 945 3400 n.
965 3337 1040 3402 245.
1065 3330 1293 3426 ὑπερβόραιος

176 3442 243 3505 eod.
265 3443 331 3507 Ciz.
352 3443 508 3507 lamblieb.
528 3445 672 3508 XXVlll.
699 3442 772 3508 135.
797 3464 827 3526 p.
847 3438 923 3507 284.
949 3439 1151 3503 ontihoroeua·
1166 3440 1290 3506 Vitruv.

176 3542 233 3606 IX.
258 3543 297 3622 8,
322 3544 354 3608 1.
383 3547 460 3630 quod
483 3547 559 3629 apud
582 3547 715 3611 Grae'eos
740 3567 802 3610 non
823 3543 954 3627 reperio.
999 3541 1157 3626 Adjeotiva
1182 3543 1292 3606 tertiae

176 3646 385 3713 declinationis
410 3648 557 3734 simplicia
582 3660 613 3712 et
634 3647 799 3736 composita
823 3646 947 3711 eandem
970 3645 1214 3709 terminationem
1239 3645 1292 3708 ba-

175 3750 266 3815 bent=
285 3746 480 3830 oioorolloc,
499 3741 674 3828 tenedum,
692 3741 883 3816 παντάλαν’
900 3740 965 3836 ἄχη
982 3746 1091 3811 Aeseb.
1105 3746 1193 3812 Pers.
1212 3746 1287 3812 037.

173 3853 376 3941 eremeliae,
401 3852 624 3939 λευκομὲλας,
648 3849 949 3940 ὑποχλωρομέλας,
975 3847 1169 3937 ὐπέρμεγας
1190 3850 1286 3913 Arist.

57 4010 62 4020 ,
173 3955 250 4042 qu.
276 3954 348 4020 158.
370 3955 499 4038 ¹Aelian.
523 3955 562 4018 H.
584 3957 667 4019 Ann.
692 3955 744 4019 Vl.
769 3952 822 4018 03.
841 3957 868 4038 ¹)
897 3947 1083 4040 πάμμεγας
1105 3953 1182 4015 Plat.
1206 3951 1285 4014 Tim.

245 4119 272 4186 l)
294 4119 341 4171 llio
358 4118 423 4170 lldtl.
448 4126 553 4170 veteres
576 4126 764 4187 paroxptonum
787 4117 911 4168 exhibent
932 4122 959 4167 et
979 4114 1037 4182 pari
1060 4115 1125 4166 vitio
1148 4107 1289 4183 ὖπομέὶαν

174 4207 293 4278 llippoer.
311 4206 344 4258 de
360 4205 442 4258 Morb.
463 4204 483 4258 l.
505 4205 564 4259 181.
584 4194 669 4257 ’1.11.
688 4203 804 4273 Epidau.
824 4201 858 4262 V.
879 4201 938 4256 500.
960 4199 992 4253 Τ.
1013 4198 1055 4252 111.
