2792 4725
170 308 248 376 uos
523 305 840 375 orssunrlmo
868 278 933 375 ιιι.

175 470 277 565 {uon
296 505 403 571 purum
430 505 505 571 queo
527 496 641 551 exeant
667 485 848 571 composite,
879 484 1075 569 reperiuntur
1090 482 1202 562 nulle,
1235 487 1299 551 sed

175 608 195 654 ο
216 582 297 674 σάρξ
316 581 480 677 ἄσαρκος,
500 585 724 675 κατάσαρκος,
745 581 1014 675 μελαυόσαρκος,
1036 580 1298 677 πυκυόυαρκος,

174 686 391 778 λιπόααρκος,
413 712 468 775 pro
490 712 548 777 quo
569 692 762 757 Macedonins
782 692 838 776 Ep.
855 689 941 755 XVI.
964 680 1173 777 λιποααρκής
1195 689 1295 767 dixit,

174 794 315 859 Menetho
340 816 408 858 eum
429 793 589 859 metathesi
610 784 826 880 σαρκολιπής.
865 791 992 876 Legitur
1014 793 1133 876 quidem
1154 796 1189 867 ἐς
1210 786 1297 860 ὕδε-

174 915 239 982 ρου
261 892 285 981 ἢ
304 890 482 982 αὐαααῖρκα
510 896 561 961 rel
586 888 764 983 αὐδσαρκα
791 895 878 959 Aret.
903 896 939 959 δε
961 895 1046 979 Sigu.
1070 895 1155 960 Diut.
1179 893 1203 959 l.
1231 894 1293 973 12,

176 996 251 1063 165.
270 996 307 1062 II.
324 998 355 1075 1,
373 996 446 1065 128.
462 1020 508 1084 sq.
531 995 596 1066 πδυ
612 992 790 1085 οἷκασδρκα
805 990 1021 1083 καλοδμευου
1034 992 1157 1087 ὕδερου
1174 996 1291 1061 Galen.

174 1100 211 1165 te
233 1100 336 1185 Simpl.
359 1101 476 1165 Facult.
499 1100 556 1163 XI.
581 1101 620 1177 1,
643 1099 719 1167 321.
742 1101 779 1167 Τ.
802 1099 872 1165 XII.
905 1097 985 1173 τους
1010 1094 1207 1188 αὐασοῖρκας
1231 1100 1295 1177 λετ-

172 1201 343 1291 γομέυους
362 1198 522 1289 ὕδρωπας
538 1202 630 1266 Ther.
647 1204 683 1267 ed
704 1202 765 1267 Pis.
780 1201 851 1266 XV.
871 1200 947 1269 275.
965 1202 1001 1266 Τ.
1016 1202 1102 1267 XIV.
1124 1204 1163 1267 ol.
1182 1201 1291 1267 Schol.

173 1304 314 1389 Hippocr.
334 1304 369 1369 Τ.
389 1304 414 1369 l.
435 1302 509 1370 128.
534 1305 587 1369 εοδ
608 1304 639 1367 ih
659 1302 782 1391 hyphen
804 1324 871 1369 esse
893 1314 1016 1388 apparet
1037 1326 1078 1371 ex
1101 1304 1192 1369 Paul.
1205 1303 1289 1390 Aeg.

174 1403 227 1470 III.
251 1404 313 1483 48,
337 1403 411 1471 166.
441 1402 683 1492 δποσαρκίδιος
704 1402 823 1491 ὕδερος
846 1402 870 1491 ἢ
891 1400 1087 1493 αὐδυαρκα,
1121 1418 1153 1472 et
1175 1406 1289 1471 Galen.

175 1505 212 1570 he
233 1505 348 1571 Fnoult.
372 1506 442 1572 Nat.
466 1506 491 1571 I.
516 1508 577 1585 11,
598 1506 654 1573 24.
684 1507 721 1571 Τ.
747 1507 786 1571 ll.
823 1506 862 1575 eo*
888 1508 988 1596 γένος
1013 1508 1082 1575 eoin
1110 1505 1242 1595 δδέρυυ
1271 1503 1294 1575 ὅ

173 1629 265 1682 τινες
287 1604 513 1696 ὀνομάζουσιν
534 1602 729 1698 αὐασοίριια,
760 1631 817 1675 neo
843 1632 914 1675 raro
942 1610 1134 1676 dirimuntur.
1180 1612 1294 1675 lliero·

175 1708 260 1796 nymi
281 1712 374 1780 verht
400 1733 457 1777 ποι
477 1712 632 1797 simplices
658 1721 690 1775 et
708 1711 912 1797 philosarcas
931 1712 1039 1777 dicere
1065 1711 1292 1800 Lexieogrephi

175 1810 262 1877 latini
282 1814 320 1883 ad
340 1813 557 1881 nominativum
571 1814 761 1900 philosoroo
783 1816 933 1881 referunt.

685 2005 715 2088 §-
739 2004 772 2069 4·
886 2006 892 2059 ἑ

259 2123 320 2189 iles
347 2122 440 2208 igitur
466 2122 714 2202 terminationes,
746 2123 805 2189 etsi
831 2121 1098 2188 Grammaticorum
1126 2135 1289 2209 praecepto

175 2225 275 2293 minus
295 2225 421 2291 mobiles
443 2237 526 2302 sunt,
548 2236 650 2291 tamen
671 2247 885 2311 nonnunquam
907 2225 1077 2290 nominihus
1099 2225 1289 2303 neutralibus

174 2328 296 2413 adjungi
317 2326 471 2404 videmus,
498 2328 600 2414 utique
622 2350 683 2393 non
705 2329 737 2393 iu
760 2329 854 2415 primo
877 2349 966 2405 essu,
994 2328 1047 2392 sel
1069 2326 1102 2392 in
1123 2327 1285 2414 proximis.

173 2429 251 2494 Nem
272 2440 307 2493 ut
326 2429 437 2494 Bienor
453 2431 507 2515 Ep.
529 2430 582 2495 IV.
601 2433 702 2495 Anall.
723 2431 761 2496 ll.
783 2429 856 2497 156.
880 2429 972 2494 Anth.
990 2429 1054 2494 Pal.
1074 2428 1131 2493 IX.
1152 2452 1184 2494 u.
1205 2429 1283 2498 272.

173 2527 304 2620 ἄρπαγι
323 2529 424 2622 χείλει
443 2532 533 2610 dixit,
556 2533 601 2597 sie
621 2534 814 2619 Apollonides
834 2532 900 2598 VII.
925 2553 957 2596 u.
976 2529 1052 2598 238.
1076 2530 1198 2600 πεδίου
1218 2557 1288 2600 πο-

172 2627 379 2717 λυαδλακος,
410 2635 488 2719 quod
511 2636 621 2700 evitari
645 2647 763 2721 poterat
789 2636 925 2701 traducto
948 2634 985 2698 ed
1006 2634 1168 2698 secundem
1193 2635 1287 2700 leeli-

1296 984 1320 1025 ht

65 2826 67 2829 Ι
174 2737 326 2801 nationem
353 2737 494 2819 nomine,
527 2747 563 2802 ut
585 2735 751 2826 ψήφισμα
775 2735 944 2807 οἷκόλακου
969 2737 1058 2821 Diog.
1082 2736 1136 2800 Le.
1161 2735 1200 2800 II.
1227 2737 1284 2801 41.

174 2837 295 2930 σμιλίῳ
320 2834 506 2956 ὀξυκορρίκῳ
529 2840 615 2904 Paul.
633 2841 711 2927 Aeg.
730 2841 783 2907 VI.
804 2838 857 2905 87.
882 2850 916 2904 ut
936 2830 1185 2927 πευτδῤῥαγος,
1207 2839 1287 2923 quoti

172 2942 262 3026 poulo
294 2954 365 3008 ente
396 2943 562 3027 attigimus.
612 2943 697 3027 Apud
727 2943 901 3008 Homerides
933 2941 1019 3007 modo
1051 2939 1287 3016 πολυπίδακος

167 3036 264 3132 Ἴδης
288 3044 408 3130 legitur
420 3043 589 3109 Aristarchi
610 3045 754 3130 suffragio
777 3047 931 3131 probatum
953 3042 989 3106 Il.
1013 3042 1087 3107 XX.
1113 3041 1167 3108 59.
1197 3044 1286 3108 ιιιοδο

173 3141 422 3229 πολυπιδάκου,
444 3146 557 3214 utenti
574 3141 835 3236 α’ρκτοφυλοῖκου
851 3147 950 3211 Prool.
973 3145 1097 3208 ediles.
1116 3144 1189 3230 Opp.
1207 3143 1283 3210 564.

173 3245 257 3321 τοδε
276 3241 575 3339 πλαγιοφυλάκους
595 3250 628 3314 iu
651 3252 717 3315 οοδ·Ι
741 3251 829 3315 Diod.
852 3248 941 3312 XIX.
966 3245 1018 3313 82.
1049 3247 1102 3312 sed
1123 3258 1284 3332 utrumqne

174 3351 355 3434 suspectius.
405 3352 463 3416 Pro
490 3342 696 3431 onocoetae,
728 3353 944 3441 φιλομεῖραξ,
975 3351 1140 3416 succedunt
1165 3349 1286 3434 longius

92 3495 102 3506 -
175 3451 300 3520 deducte
314 3444 592 3530 ὀξυπυυδδκωτος
604 3455 690 3518 Eust.
705 3478 734 3541 p.
745 3453 820 3533 870,
835 3453 891 3521 28.
911 3443 1174 3542 φιλομειράκιος.
1203 3451 1285 3516 Haeo

175 3574 265 3638 quum
285 3554 329 3618 ita
349 3555 428 3632 sint,
459 3577 606 3642 quumque
629 3558 763 3622 verbalia
788 3557 959 3622 consimiles
980 3553 1286 3652 terminationesyha·

174 3648 852 3750 1821114,διιδριιαγος,παριδευουφυῖρύς,
876 3650 1130 3751 ταυροαφδγυς,
1156 3653 1285 3723 οὐτ’δλ-

144 3755 292 3847 ,λαγος,
319 3756 529 3850 υεοσφαγής,
560 3785 622 3829 uon
647 3763 756 3829 mirum
785 3773 832 3828 est
857 3765 932 3850 epud
959 3762 1122 3846 scriptores
1150 3758 1282 3823 numeris

174 3856 290 3940 solutos
308 3860 424 3928 nullum
441 3866 633 3951 asyntexiee‚
652 3867 690 3932 de
703 3889 763 3953 qua
778 3867 939 3953 loquimur,
955 3862 1082 3948 reperiri
1099 3862 1280 3945 exemplum.

173 3957 250 4024 Nam
273 3958 335 4040 δῦἓ
358 3956 562 4054 πριφιλλακος
586 3968 686 4034 Sohol.
711 3969 748 4036 Il.
770 3971 813 4036 X.
837 3969 914 4038 252.
942 3966 1061 4033 eliuule
1087 3961 1281 4058 compositum

175 4073 241 4143 est3
271 4065 346 4135 illud
366 4069 492 4138 Lucien.
515 4071 636 4138 Amorr.
660 4072 689 4158 §-
713 4073 771 4155 14,
793 4071 869 4144 271.
893 4072 930 4137 Τ.
950 4071 987 4136 V.
1011 4062 1202 4156 οἷυοιγείσης
1221 4063 1282 4151 τῆς

174 4155 288 4254 ’7140δέ
300 4166 369 4244 44πό
381 4174 445 4244 τοῦ
459 4169 720 4268 δδειδοφδδδδοε
735 4181 826 4256 εἶναι
839 4169 1113 4264 πεπιστευμένου
1124 4163 1280 4258 poenino,
