2792 4725
185 340 258 409 598
339 395 343 405 ,
530 338 846 408 MSSERTATIO
867 342 931 409 Vi.

184 512 330 598 δύναται,
354 522 492 609 ἔρημος,
516 520 630 611 tepor,
653 522 704 607 qni
725 520 784 587 hoc
803 542 866 588 unc
885 542 943 588 noa
964 523 1105 611 exemplo
1119 524 1317 611 iocupletio,

184 644 235 691 res
256 624 356 689 reddit
374 625 428 689 aed
450 644 554 709 parum
571 624 687 701 nubili,
711 625 779 710 quia
808 638 840 692 et
860 637 967 695 auctor
986 627 1062 692 latet
1089 640 1123 693 et
1141 628 1314 713 siguifica-

183 728 245 805 ti03
274 719 374 814 ῑημός
395 748 449 813 pro
479 729 568 813 ἴαμα
595 740 626 792 et
648 724 749 817 oppda
780 750 835 815 pro
861 723 937 817 ἧμα
962 730 1012 815 (nt
1032 722 1127 818 iop'epr
1155 729 1314 819 τοξότης

183 830 332 917 Hesyoh.)
354 830 463 896 alicubi
484 830 561 895 dicta
585 850 654 895 esse
676 852 739 895 nou
762 844 880 899 constat
901 854 999 917 neque
1021 836 1167 902 convenit
1184 857 1312 900 accen-

183 942 244 1009 tus,
267 934 424 1019 potiusque
446 953 556 997 nomen
578 932 730 1017 proprium
752 946 823 1011 eat,
849 935 923 1000 iliud
944 936 1074 1001 fortasse
1096 939 1173 1019 quod
1194 938 1311 1003 Theo-

183 1046 307 1121 gnostus
329 1034 418 1099 affert
439 1034 553 1098 Anecd.
578 1034 680 1099 Cram.
708 1035 746 1100 11.
770 1035 825 1101 65.
876 1034 929 1105 To*
944 1034 1000 1105 deci
1015 1026 1183 1127 coriam-or
1196 1038 1307 1107 ἁπλᾶ

182 1134 244 1205 οὐκ
256 1142 350 1205 ἔστιν
362 1134 475 1224 εὑρεῖν
485 1140 516 1205 α’
524 1131 576 1223 μή
592 1134 632 1203 τό
646 1140 772 1226 ἕρημος
783 1135 1037 1230 καὶτὸΚέημος
1049 1135 1303 1229 ὄνομανήσου·

75 1309 80 1319 ,
181 1242 266 1327 cujua
287 1252 442 1305 auctorem
463 1260 524 1303 nou
546 1250 677 1323 praesto.
723 1240 786 1305 Neo
800 1244 931 1309 certiora
947 1256 1019 1313 sunt
1033 1264 1108 1329 qnae
1122 1246 1304 1333 Hesychius

181 1344 311 1428 suppetit
331 1340 468 1430 Λίημος
494 1338 682 1428 Ψάμαθοε,
712 1336 865 1430 Δαιημός
893 1344 1054 1431 διαίρεσις
1084 1358 1118 1410 et
1139 1349 1303 1413 contrario

179 1457 306 1509 accentu
326 1444 460 1531 Δέημος
480 1437 588 1531 νόμος
613 1441 637 1531 ἢ
665 1440 808 1532 δεσμός,
837 1468 914 1532 quae
936 1448 1156 1515 Valckenarius
1176 1450 1209 1513 in
1231 1452 1302 1515 Au·

180 1558 256 1612 ctar.
286 1548 318 1611 iu
351 1545 504 1634 ὃαϊθμός
535 1557 566 1611 ct
594 1540 726 1633 δεθμός
759 1551 870 1614 mutari
898 1553 996 1641 jubet.
1050 1552 1125 1615 Tum
1148 1549 1302 1640 Θήημοο

180 1654 305 1737 ἔθιμος
327 1662 358 1715 et
379 1647 536 1737 Θηήμων
556 1647 711 1737 ἐθίμων,
733 1652 843 1717 uitiosa
864 1664 937 1737 puto
958 1676 1013 1738 pro
1029 1649 1209 1741 Ἑθνγμος,
1233 1678 1298 1740 quo

177 1752 292 1837 aliquos
320 1774 373 1837 pro
395 1751 541 1843 ἕθήμαν
560 1772 631 1815 usos
653 1774 722 1817 esse
744 1754 914 1819 inducimur
933 1758 995 1821 aiio
1018 1758 1107 1843 hujus
1128 1758 1298 1842 parasche-

177 1856 307 1919 matismi
330 1856 468 1942 exemplo
489 1852 643 1942 θελημός
664 1866 695 1921 et
717 1854 906 1943 ἐθελημός,
933 1858 983 1922 cni
1006 1862 1128 1923 tertium
1156 1862 1297 1946 adjungit

176 1956 278 2044 Etym.
309 1960 352 2023 M.
376 1958 458 2035 444,
482 1958 536 2023 54.
571 1962 607 2027 ἐκ
637 1957 701 2025 τοῦ
726 1952 862 2045 θελήσω
889 1958 1019 2049 γίνεται
1044 1958 1219 2049 &cipando
1248 1961 1295 2037 cic

175 2056 350 2149 petpcpdr
373 2061 431 2128 out
448 2054 621 2149 patppro'r,
651 2064 748 2165 quod,
764 2063 836 2127 uiri
865 2064 990 2148 imparia
1014 2066 1214 2150 compararit,
1235 2086 1295 2149 pro

176 2158 344 2251 μελήμων
366 2167 532 2249 acecpit9).
577 2164 617 2228 Et
646 2186 685 2229 nc
715 2186 767 2230 res
789 2165 845 2229 hoc
867 2168 952 2234 tcum
976 2167 1026 2235 filo
1047 2169 1190 2252 pendeat,
1212 2169 1294 2252 apud

175 2268 383 2353 Hippocratem
412 2267 524 2351 legitur
559 2266 748 2357 ἔπὶστημος
778 2272 884 2337 ἕσασα
921 2269 991 2343 τῶν
1024 2269 1293 2363 ἐπιγενομένων,

174 2371 251 2454 quod
280 2370 412 2436 Galenus
441 2371 474 2434 in
497 2370 597 2463 Glosls.
627 2365 846 2456 interpretatur
873 2366 1087 2460 ἓπιστατινή,
1119 2367 1291 2461 deonerari,

172 2471 412 2556 uulgatissimum
433 2467 651 2560 ἐπιστήμων,
675 2475 703 2538 ei
725 2474 779 2537 itto
801 2474 868 2538 ioco
890 2477 1039 2561 legisset,
1068 2477 1125 2544 vix
1145 2478 1292 2542 obsona-

173 2575 256 2639 tione
279 2577 428 2661 dignatns.
475 2577 519 2641 De
549 2587 676 2641 accentu
707 2587 807 2640 antem
838 2577 927 2664 hujus
958 2579 1041 2645 devii
1074 2570 1107 2646 ot
1140 2579 1291 2657 menindici

176 2679 298 2762 generis
319 2679 398 2743 maio
422 2679 497 2744 nihil
520 2679 620 2744 dicere
644 2701 731 2765 quarn
752 2701 869 2766 parum.

685 2821 714 2952 a.
739 2867 772 2933 4.

255 2988 362 3054 Adhuc
381 2987 637 3074 praetermisimus
659 2990 754 3055 verba
778 2987 908 3072 liquida,
938 2987 1018 3052 unde
1039 3007 1117 3073 quae
1138 3009 1287 3073 progene-

170 3101 278 3154 rantur
297 3093 502 3168 substantiva,
538 3103 572 3156 ut
600 3093 792 3178 penultimam
817 3091 966 3175 positione
992 3091 1112 3175 longam
1140 3090 1282 3166 habeant,

171 3215 221 3285 poa
243 3195 308 3278 ipsa
330 3197 423 3280 cogit,
446 3190 596 3283 ἄγαλμα,
621 3189 787 3282 ἄγγελμα,
811 3189 955 3280 (incripta,
979 3191 1156 3281 ποίκιλμα,
1180 3187 1283 3278 ‹idco-

169 3321 232 3388 μα.
257 3281 334 3359 'Sed
363 3320 474 3361 moram
506 3299 637 3362 afferunt
666 3298 822 3380 ancipites,
855 3317 930 3378 quae
967 3308 1131 3359 accentum
1154 3294 1276 3358 hahent.

170 3383 246 3468 Nam
269 3421 357 3482 quum
379 3422 433 3484 per
454 3401 548 3465 multa
569 3399 689 3465 saecula
710 3396 837 3486 κύρμα,
860 3396 1013 3484 πτύρμα,
1038 3397 1165 3488 etiope,
1188 3396 1278 3462 scribi

170 3501 291 3576 solitum
314 3513 407 3578 esset,
433 3524 529 3586 nuper
558 3515 590 3569 et
615 3502 669 3566 alii
691 3513 723 3565 et
744 3501 852 3565 sollers
870 3502 1025 3584 prosodiae
1047 3521 1174 3586 graecae
1196 3500 1278 3562 iuda·

169 3587 258 3700 ¹gator
279 3603 449 3684 Passovius,
471 3605 735 3689 properispomena
756 3603 953 3683 invexerunt,
976 3625 1074 3688 neque
1091 3604 1165 3666 haec
1182 3602 1277 3665 scium

171 3705 335 3779 sedetiam
359 3727 433 3788 quac
464 3709 604 3772 averbis
633 3707 666 3770 in
687 3710 799 3769 mutam
831 3707 1036 3770 desinentibus
1060 3707 1205 3790 originem
1229 3704 1277 3767 da-

169 3809 241 3871 bent
261 3808 348 3873 velut
368 3821 515 3895 πνῖγμα.
564 3809 677 3896 Quibus
692 3809 883 3873 dissentauea
899 3819 930 3873 et
942 3810 1155 3896 repugnantia,
1174 3804 1276 3892 θλίμ·

167 3935 238 3998 μα,
258 3909 395 4000 μίγμα,
417 3909 570 3998 τρίμμα,
602 3909 739 3999 odone,
772 3913 890 3981 etiamsi
910 3913 994 3977 idernx
1010 3913 1078 3978 aine
1100 3922 1171 3978 nota
1191 3930 1275 3996 prae·

202 4149 230 4218 9)
249 4149 336 4220 Etym·
356 4148 390 4202 M·
409 4143 558 4220 ’Addo'ptwr
582 4145 599 4206 ὅ
618 4147 685 4208 Zeia
701 4150 732 4206 ἒν
749 4145 948 4231 Γάζῃ-παρά
956 4144 995 4203 'co'
1016 4145 1147 4217 ἆλδαίνω,
1163 4150 1272 4216 interpo

101 4267 103 4276 ι
167 4237 219 4288 alto
235 4235 347 4290 fortuma
364 4239 465 4291 nomine
481 4232 612 4311 ὅλδημοσ,
628 4241 696 4309 cuod
712 4255 771 4296 oum
786 4233 940 4310 ettam
957 4238 1079 4297 conciuit.
