2792 4725
177 265 245 332 166
537 259 859 328 61681111110
889 261 934 327 11.
1061 341 1063 354 y

95 469 99 474 ·
174 453 296 510 retenta
316 441 434 528 331133
455 461 541 519 esse,
571 436 689 506 331113
710 442 921 530 3113333313
943 443 1161 508 consisteretur
1182 465 1287 510 exem-

166 535 245 636 plis.
286 545 379 632 Cujus
400 544 522 630 generis
543 545 985 633 33313313133113333333133
1006 546 1097 610 allata
1119 543 1200 630 duic,
1223 546 1288 636 ἅρ-

173 655 259 733 παξ,
286 640 435 738 333131,
459 637 606 733 ψευδής,
636 649 855 734 3133333113
879 649 955 714 13313
976 648 1172 716 tractavimus
1192 653 1288 740 pm}-

173 751 395 843 33333313,
417 749 523 840 θέτης
548 771 580 816 3.
603 747 735 816 Dissert.
758 750 812 818 Vl.
836 753 864 836 5.
890 750 943 816 10.
988 751 1092 840 Neque
1116 763 1216 820 13333
1237 756 1287 821 in·

173 856 306 924 iitiamur
333 867 438 942 poetae
466 853 556 922 311331
577 854 656 918 forte
683 853 717 918 in
739 865 870 920 mentem
897 855 1019 922 venisse
1044 877 1099 940 pro
1120 855 1194 922 trito
1216 882 1287 926 333-

130 998 135 1031 3
173 950 299 1049 duperia
328 958 495 1024 inauditnm
522 949 630 1034 31133
659 951 765 1046 α’ρκής
793 956 995 1038 substituere,
1035 980 1089 1044 pro
1119 953 1287 1048 dvpvcup'r,

174 1064 251 1150 quod
274 1061 430 1146 compositi
454 1061 584 1146 speciem
606 1061 712 1139 13131,
742 1052 883 1148 prevale,
914 1061 963 1126 331
983 1061 1153 1128 Meineltius
1182 1065 1286 1148 aequi·

172 1177 259 1254 parat
278 1163 479 1250 Euphorionis
500 1164 625 1230 verbum
651 1162 812 1252 nlopudvup
835 1159 979 1252 13131333
1005 1186 1035 1252 p.
1061 1163 1135 1232 126.
1166 1167 1286 1236 331333·

93 1322 96 1333 .
173 1291 231 1355 333
252 1260 425 1360 3313113133
446 1267 594 1332 referrem
615 1287 635 1333 a
652 1265 851 1352 Lycophrone
872 1278 1047 1352 usurpatum
1068 1289 1123 1354 pro
1144 1263 1287 1360 13333131-

172 1376 299 1462 ροθοε,
328 1370 356 1436 31
377 1369 462 1455 origo
484 1368 622 1437 vocabuli
642 1379 771 1455 pateret.
816 1369 874 1434 Sed
900 1363 1031 1458 ψευδής
1059 1383 1164 1436 333133
1185 1374 1285 1459 333113

172 1466 326 1563 ἀψευδής
347 1472 432 1558 quasi
451 1472 684 1550 inaedificatum,
708 1467 793 1562 clyp'c
811 1494 853 1540 ex
871 1465 994 1561 εὐαγής
1014 1485 1197 1560 amputatum
1215 1499 1285 1544 esse

173 1599 359 1663 nequaquam
379 1577 562 1662 persuadent
582 1576 718 1662 3333313
736 1576 853 1642 3311133
873 1588 1032 1656 3331333333
1056 1579 1218 1666 eodemque
1232 1583 1285 1668 ju-

173 1681 251 1747 dicio
268 1680 422 1768 rejicimus
444 1700 549 1746 eornm
571 1680 765 1757 sententiam,
791 1680 841 1765 331
858 1673 966 1749 occido
986 1703 1040 1768 pro
1058 1677 1205 1753 31133313
1225 1686 1283 1752 dici

61 1817 64 1822 ·
172 1784 281 1852 volunt
305 1793 359 1849 331
384 1783 569 1870 33133133113
597 1783 749 1850 inserunt.
792 1783 855 1850 Nos
885 1785 1059 1870 acephalum
1086 1787 1282 1874 appellamus,

171 1888 253 1976 3313,
276 1898 312 1954 31
325 1886 472 1956 Varronis
489 1889 582 1954 verbo
592 1897 681 1969 3133,
706 1899 793 1974 33331
812 1909 854 1956 ox
871 1905 926 1956 333
945 1889 1084 1976 33313313
1101 1913 1162 1956 333
1180 1891 1281 1960 13131.

683 2077 713 2160 5.
736 2077 768 2143 3.

237 2198 396 2283 ‘Quoniam
416 2200 482 2282 ipsa
501 2217 605 2264 rerum
627 2197 814 2262 continuatio
835 2196 990 2282 seriesque
1012 2219 1068 2266 nos
1090 2221 1109 2266 a
1129 2202 1281 2286 proposito

154 2303 295 2372 ¹abduxit
316 2301 453 2388 1333133,
476 2300 612 2366 13331133
632 2301 827 2386 3333133133
849 2301 987 2381 3113133,
1015 2304 1094 2369 3313
1116 2303 1189 2371 1333
1212 2327 1282 2373 333-

170 2410 249 2497 33311
270 2404 429 2492 disputatio
457 2414 490 2468 et
515 2424 574 2487 qno
596 2404 775 2469 decurrerit.
819 2404 986 2471 Exordium
1010 2418 1078 2472 erat
1104 2410 1140 2473 13
1164 2411 1282 2475 casibus

76 2579 80 2585 ,
170 2517 222 2591 113,
245 2527 372 2597 qnorum
393 2507 597 2573 nominativus
619 2506 752 2593 331331
774 2508 891 2592 quidem
908 2519 1009 2594 331331
1029 2520 1064 2575 31
1081 2508 1171 2596 cipri,
1193 2510 1280 2587 υἷος.
1355 2561 1359 2569 ,

168 2618 224 2683 1113
245 2613 383 2701 proxime
404 2609 616 2697 subjunximus
642 2610 845 2676 nominativos
867 2611 1001 2677 effabiles
1025 2611 1160 2697 quidem,
1191 2634 1281 2700 repu-

169 2721 265 2785 diatos
289 2728 389 2783 13333
415 2725 468 2781 aut
489 2715 525 2778 ob
548 2712 670 2783 nimiam
698 2713 865 2781 exilitatem
895 2718 968 2800 (quo
990 2737 1102 2801 genere
1125 2718 1280 2805 monosyl-

167 2824 235 2891 laba
257 2820 452 2886 continentur
472 2815 744 2903 brachycatalecte)
768 2828 821 2881 331
840 2827 963 2903 3333133
984 2839 1183 2884 consonarum
1205 2821 1317 2887 133-1·

28 2960 39 2973 x
167 2928 243 2993 1133
260 2921 490 3009 repugnantiam
506 2919 703 2987 molestamve
722 2921 855 3006 ejusdcm
873 2920 981 2985 literae
998 2920 1201 2987 iterationem.
1233 2924 1280 2989 De

167 3025 384 3116 monosyllabis
406 3022 517 3088 dictum
539 3031 605 3099 est3
636 3022 672 3087 de
694 3022 873 3108 asymplocis
895 3022 1023 3088 dicetur.
1067 3024 1219 3104 Primum,
1245 3038 1281 3093 31

169 3131 305 3199 ordinem
326 3128 491 3204 13333133,
513 3124 615 3190 133313
634 3144 758 3201 33333,
780 3144 877 3210 equo
892 3126 1045 3215 Mopsopia
1066 3128 1279 3215 appellatedi·

168 3236 259 3310 citur,
282 3233 316 3300 in
337 3228 511 3295 nominandi
533 3248 604 3293 3333
626 3223 798 3315 (11633333)
819 3238 854 3293 31
874 3228 1041 3314 Stephanus
1062 3250 1090 3295 3
1109 3229 1141 3293 1.
1160 3251 1193 3297 v.
1216 3242 1279 3297 tra

167 3338 225 3417 dit,
247 3328 401 3423 3131333331
419 3342 479 3410 331,
502 3351 600 3415 neque
618 3330 698 3395 aliud
715 3332 868 3418 reperitur
884 3332 1074 3407 vocabulum,
1098 3334 1184 3419 cujus
1203 3354 1278 3399 ean·

167 3441 235 3504 dem
259 3436 407 3525 syllabam
432 3433 545 3519 duplex
565 3433 682 3505 orditur
709 3444 742 3499 et
762 3434 846 3512 finit,
874 3456 913 3498 ne
935 3444 1005 3499 zeta
1030 3432 1165 3552 quidem,
1201 3438 1279 3521 qnod

167 3542 266 3628 ipsum
286 3536 426 3603 nonnulli
446 3533 602 3621 duplicis
591 3546 689 3601 333133·
710 3534 832 3615 131331,
855 3547 1063 3623 praeterquam
1084 3537 1116 3605 13
1138 3536 1277 3625 stirpium

167 3642 337 3707 nominibus
351 3637 489 3726 ζίζυφον
505 3631 708 3720 31ζιζ313333.
737 3640 850 3707 Prioris
868 3641 988 3727 generis
1003 3641 1155 3727 specimen
1172 3662 1278 3705 exem·

167 3745 305 3831 plqune
333 3741 591 3827 331Β3313333,
630 3745 716 3830 cnjus
743 3745 837 3809 ceteri
865 3765 953 3809 33333
979 3745 1046 3809 triti
1073 3754 1144 3811 sunt
1170 3743 1279 3831 Βερέ-

166 3870 275 3914 vuaso
296 3844 417 3935 χῶρον,
438 3843 636 3932 3133133333
656 3840 757 3914 called
776 3846 878 3912 Noun.
898 3845 983 3912 Xlll.
1009 3845 1083 3913 508.
1106 3847 1174 3912 XL.
1196 3844 1274 3913 227.
1362 3927 1365 3933 .

166 3949 263 4035 ipsum
291 3968 366 4013 vero
394 3947 431 4010 ab
460 3946 565 4012 eodem
594 3947 744 4033 Stephano
775 3944 1138 4039 11333333331113133.
1183 3944 1274 4025 Η133,
1373 4003 1377 4015 .

166 4051 217 4115 311
238 4049 333 4135 33133
354 4048 502 4134 positione
524 4048 667 4115 utendum
688 4064 773 4129 erat,
804 4053 841 4117 ad
861 4052 1032 4119 secundam,
1044 4052 1205 4117 transitum
1228 4060 1276 4115 est

167 4151 416 4220 declinationem:
446 4144 679 4239 6111333333,
704 4150 1092 4249 331Μ331133381331.
1116 4154 1172 4219 IX.
1197 4152 1273 4221 397.

1076 4354 1082 4405 1
