2792 4725
190 306 263 377 59ss
538 299 856 372 ntssnnrarto
883 302 942 370 vt.
1030 348 1036 359 .

191 485 341 575 στέμμα,
363 472 495 569 στόμα,
516 478 634 568 σῶμα,
655 480 786 569 τέρμα,
807 476 974 569 ὕφασμα,
995 482 1150 571 φλέχμα,
1170 478 1304 572 χάρμα,

191 602 304 682 χεῖμα,
323 586 442 676 χαύμα,
462 585 587 674 χρῆμα.
632 583 668 648 ln
696 585 754 649 hoo
778 584 872 670 igitur
900 596 984 650 tamo
1007 606 1134 649 numero
1162 584 1305 669 exeeptis

192 693 300 768 tribus,
324 710 449 775 quorum
470 688 618 754 rationem
642 687 741 771 paullo
762 698 830 771 post
851 687 985 768 reddam,
1008 688 1123 751 nulium
1144 687 1307 753 invenitur

192 794 264 881 quin
285 793 405 877 longam
427 787 534 853 habeat
556 788 769 872 penultimam,
794 789 883 873 idque
911 800 972 853 mm
1001 801 1086 854 oerta
1112 798 1144 854 et
1171 787 1307 853 inviola-

133 902 138 913 '
193 896 245 962 bili
266 896 334 981 lege
356 903 492 985 sanetum
514 901 625 970 estut,
648 912 723 975 quae
745 912 764 954 a
784 890 924 955 thematis
945 889 1219 977 hraohyparaleotis
1242 890 1308 953 ori·

193 998 294 1084 ginem
315 995 450 1069 trahunt,
473 994 596 1056 brevem
617 993 755 1056 vocalem
775 992 882 1057 autin
894 993 1167 1079 monophthongum
1182 1002 1310 1056 mutent

193 1112 227 1165 ut
247 1098 334 1187 ἧμα,
357 1107 410 1159 aut
430 1094 462 1157 in
484 1093 696 1178 diphthongum
724 1105 760 1158 ut
792 1092 892 1181 εἷμα,
918 1106 972 1159 aut
998 1096 1139 1159 consonis
1172 1094 1309 1160 auxilia·

193 1202 277 1267 ribus
305 1198 431 1263 fulciant
462 1195 546 1279 quasi
576 1207 608 1259 et
635 1197 822 1272 addensent,
855 1196 943 1260 modo
964 1218 1025 1262 una
1046 1210 1081 1262 ut
1102 1199 1209 1277 ἴθνα,
1239 1218 1309 1261 mo—

194 1306 231 1368 do
254 1302 366 1367 duabus
388 1290 580 1389 utdo‘dppot.
625 1297 725 1384 Atque
752 1299 800 1363 his
821 1309 949 1385 quatuor
976 1300 1180 1384 productionis
1208 1298 1309 1362 modis

196 1406 323 1470 Graecia
338 1400 439 1465 adulta
461 1401 504 1463 uti
526 1422 587 1465 uon
609 1402 737 1477 destitit,
760 1423 822 1465 non
844 1402 942 1465 solum
963 1402 996 1465 in
1018 1403 1188 1466 nominibus
1211 1422 1311 1486 gene-

194 1508 238 1573 ris
260 1503 398 1571 neutrius
420 1502 473 1567 sed
500 1503 590 1569 etiam
612 1503 644 1566 in
666 1502 841 1568 masculinis
869 1515 901 1568 et
920 1503 1074 1569 femininis
1100 1524 1137 1567 ao
1165 1524 1310 1567 nonnun-

195 1630 283 1695 quam
304 1606 336 1670 in
358 1605 463 1669 eodem
488 1604 633 1668 vocabulo
655 1604 790 1688 pluribus
815 1626 871 1671 usa
892 1615 940 1670 est
960 1606 1032 1671 viis.
1077 1605 1137 1668 Sed
1156 1615 1224 1690 post
1254 1626 1310 1669 oo·
1332 1617 1336 1626 ’

196 1730 299 1775 easum
328 1706 410 1771 illius
437 1705 666 1771 florentissimae
694 1706 822 1783 aetatis,
853 1708 891 1771 ad
918 1730 1007 1793 quam
1027 1706 1234 1774 Attioistarnm
1253 1708 1308 1792 ju·

195 1811 272 1877 dioia
294 1808 394 1873 omnia
415 1806 585 1891 diriguntur
606 1819 747 1893 tanquam
764 1808 802 1871 ad
816 1811 1063 1894 septentrionem,
1089 1808 1223 1893 grassari
1235 1829 1310 1872 eoe-

195 1910 427 2001 pitidlallabes,
450 1928 538 1995 ηααωι
558 1903 721 1975 deiendant
741 1910 815 1978 lieet
835 1910 887 1986 οἷς
903 1910 948 1981 τύ
967 1911 1019 1999 μή
1039 1907 1124 1979 καλαὶ
1140 1906 1227 1979 καλαὶ
1241 1909 1311 1979 πέ-

196 2037 336 2105 φανται.
368 2096 372 2103 ῃ
413 2095 416 2103 Ι

709 2206 740 2289 S.
762 2204 817 2274 2..

283 2322 318 2390 in
339 2310 403 2411 ipso
425 2321 514 2408 hujus
543 2320 753 2412 disputationis
774 2325 924 2392 vestibulo
946 2322 1090 2394 coilooata
1118 2334 1191 2390 sunt
1209 2324 1311 2390 verba

198 2430 361 2519 primitiva,
383 2447 509 2512 qnorum
531 2430 774 2493 terminationem
795 2430 946 2515 praecedit
966 2429 1090 2506 voeatis,
1113 2425 1205 2507 νύα,
1221 2421 1310 2507 λα’ω,

198 2529 302 2610 sidio,
325 2528 397 2602 dtas
423 2528 500 2619 ῥέα,
525 2529 604 2611 τίω,
626 2523 711 2608 λύω,
732 2527 800 2598 δύα
824 2543 882 2596 eto.
912 2533 991 2597 unde
1020 2551 1095 2617 quae
1122 2531 1312 2615 proveniunt

199 2633 321 2700 uomina
343 2631 482 2716 pleraque
511 2633 544 2716 in
564 2633 736 2719 penultima
764 2633 1036 2719 monophthongum
1056 2632 1217 2716 recipiunt,
1240 2630 1312 2719 βῆ-

198 2761 262 2826 μα,
284 2734 589 2855 βλῆμα,·ύημα,(
577 2729 766 2823 (ύνύδημα,
779 2728 953 2862 διάδημα)
974 2736 1065 2823 αἷμα,
1087 2736 1193 2820 λῆμα,
1213 2733 1313 2852 μνῆ-

198 2856 261 2958 μα,
282 2859 389 2924 νημα,
396 2838 549 2956 μμῆμα,
567 2838 702 2925 πλῆμα,
723 2839 858 2926 πτῆμα,
880 2841 991 2926 ρῆμ,α
1018 2836 1159 2925 σμῆμα,
1182 2836 1312 2922 ατῆμα,

200 2941 277 3032 uit
263 2965 325 3029 tm
348 2939 472 3030 zoam
497 2937 602 3027 ναν
630 2937 850 3030 (indutus)
878 2942 1018 3066 roias
1039 2941 1182 3062 γνώμη
1207 2938 1314 3061 «ταξ-

199 3066 263 3132 μα,
286 3043 419 3129 τρῶμα,
442 3039 546 3125 quibus
568 3057 739 3132 congruunt
762 3046 906 3109 feminina
926 3039 1061 3130 μνήμη,
1086 3036 1219 3130 τρύμη,
1242 3037 1314 3128 φή-

200 3168 267 3232 pop
294 3141 405 3234 2(in
434 3137 565 3234 dedat
594 3171 735 3234 yuwpmp,
766 3145 881 3236 ῥωμη,
910 3143 1048 3232 τρύμη,
1078 3155 1110 3210 et
1131 3144 1311 3225 masculina,

200 3245 359 3334 βρῶμας,
383 3249 459 3330 qnod
481 3247 589 3312 Vossio
615 3261 786 3334 suspectum
815 3251 851 3314 ad
872 3250 958 3312 Anat.
984 3245 1078 3312 1020.
1117 3269 1171 3333 pro
1192 3238 1317 3332 θημός

128 3406 132 3415 ,
202 3359 302 3412 autem
330 3357 482 3433 receptum
511 3359 558 3414 est
586 3349 717 3438 θημύν
751 3351 801 3416 vel
830 3343 952 3437 θαμός
979 3349 1116 3413 Eustath.
1146 3373 1178 3438 p.
1211 3347 1310 3426 1539,

204 3449 256 3514 12.
281 3461 316 3513 ut
335 3451 371 3512 ab
392 3450 458 3514 aliis
480 3452 581 3516 verbis
602 3454 635 3518 in
660 3442 709 3520 ξω
730 3455 780 3517 vel
802 3441 856 3521 ¹oc—os
875 3453 1078 3517 desinentibus
1100 3449 1228 3541 βωμός,
1250 3456 1311 3533 ζω-

203 3545 461 3640 μός,·βλαμός,
485 3551 627 3641 papia,
656 3568 744 3621 utet
773 3566 880 3620 neutm
909 3555 1053 3619 nonnulia
1074 3577 1137 3651 ¹pro
1166 3567 1216 3621 eta
1243 3575 1312 3620 sns-

205 3643 406 3776 oeperunto]‚
429 3654 539 3743 δῶμα,
570 3660 682 3746 νώμα,
711 3657 848 3744 πταῖμα,
869 3658 979 3782 χῶμα,
1003 3657 1120 3744 πῶμα,
1143 3657 1220 3743 quod
1242 3678 1312 3721 oum

204 3755 269 3823 πίω
298 3767 456 3842 cognatum
486 3769 534 3822 est
561 3771 597 3824 ut
625 3785 744 3849 χρωμα
773 3782 840 3825 oum
869 3759 967 3850 χρία,
990 3756 1114 3846 ψωμός
1135 3781 1203 3825 enm
1224 3758 1310 3849 χαῖα.

204 3855 321 3922 literas
343 3859 488 3941 ancipites
512 3881 586 3946 quae
608 3864 754 3939 retinent,
780 3882 832 3926 aas
855 3863 1094 3956 longasbabent‚
1118 3862 1225 3948 νᾶμα,
1245 3861 1313 3929 παῖ·

203 3982 264 4042 μω,
283 3956 378 4046 τιμή,
399 3971 512 4044 τῖμος,
534 3954 633 4050 ζύμη,
657 3961 764 4054 ρύμη,
787 3961 913 4054 τρύμη,
930 3963 1051 4055 ῥνμός,
1074 3960 1193 4055 χυμός,
1210 3957 1312 4050 duos,

204 4061 329 4144 κνύμα,
357 4062 463 4146 ῥῦμα,
491 4087 615 4150 αταμα,
634 4092 768 4155 τραμα,
789 4071 901 4156 φῦμα.
948 4067 1128 4152 Diphthongi
1151 4068 1202 4131 nbi
1224 4087 1313 4151 appa·

203 4171 285 4235 rent,
310 4181 371 4224 non
385 4162 600 4264 natiuaesunt,
623 4173 677 4236 sed
698 4193 740 4234 ex
761 4171 848 4235 verbi
867 4170 1089 4235 inclinamentis
1102 4169 1311 4240 transmissae,
