2792 4725
102 266 104 271 ’
189 294 1029 365 nsvonvrvaovscvnrsvusr.enumero.
1045 298 1119 383 §.a
1159 300 1233 369 aaa

94 550 97 559 ,
123 470 242 569 panerio,
262 467 574 569 pdpcomepoxcdc,
592 468 746 563 plorando,
765 468 919 567 oiyoocde,
937 472 1083 565 padoane,
1104 478 1230 557 οἶκτος,

125 582 185 647 nisi
209 581 266 646 hoc
280 582 329 659 ⁸ab
354 582 453 667 οἴζοο,
483 582 664 647 antecedens
690 575 828 666 ομάοο,
858 581 937 646 unde
957 582 1009 668 pai
1034 592 1066 646 ct
1084 573 1230 671 μα’μμη,

125 694 264 769 repetere
291 683 406 769 plaeet3
444 693 497 747 aut
522 684 654 748 averbo
684 681 801 767 quidem
828 684 975 768 originem
1001 685 1055 749 sed
1081 686 1230 751 diversam
1318 716 1322 723 ·

125 787 274 873 adjectivo
306 785 555 871 significationem
588 785 697 850 habent
733 796 769 849 nt
798 798 930 865 anteco,
965 786 1076 865 οἶτος,
1111 803 1231 877 potone

125 891 299 976 (utrumque
327 890 363 953 ab
387 890 425 956 ἴω
453 910 485 952 v.
509 888 546 952 ad
566 888 616 975 Aj.
640 909 672 952 v.
695 884 951 973 hiddinchusen,
981 892 1058 975 qood
1079 892 1185 961 Suidas
1210 915 1231 957 a

123 991 248 1078 νέομαι
270 991 367 1067 ducit,
391 981 502 1081 ῥοτός,
527 992 562 1055 de
584 1012 642 1076 quo
662 1012 693 1055 v.
707 991 895 1077 Wcsseling.
918 993 955 1057 ad
972 993 1059 1057 Diod.
1074 995 1150 1059 XX.
1172 994 1226 1062 60.

124 1118 155 1181 p.
177 1092 253 1161 468.
297 1094 451 1157 Postremo
477 1092 530 1157 bio
556 1104 744 1182 suggestae,
765 1096 899 1182 stasne,
930 1096 1044 1172 lanua,
1072 1098 1227 1183 repetens,

124 1196 274 1282 affluens,
299 1194 396 1261 etsie
417 1196 517 1260 verbis
538 1204 699 1281 propagata
719 1207 802 1273 sunt,
826 1208 927 1262 tamen
947 1196 1097 1263 declinato
1117 1199 1229 1265 distant

122 1301 160 1365 ab
182 1298 356 1385 adjectivis;
380 1298 516 1365 feminini
536 1320 611 1364 vero
631 1299 753 1385 generis
771 1301 970 1377 substantiva,
992 1322 1131 1379 arcemn,
1153 1301 1229 1383 (nisi

123 1402 180 1467 hoc
199 1401 308 1465 dicitur
327 1400 473 1486 adjective
494 1412 527 1465 ut
545 1402 592 1465 sol
610 1402 750 1489 occasus)
771 1400 917 1487 desumo,
940 1400 1077 1486 offensa,
1099 1405 1228 1489 repulsu

122 1505 240 1589 aliaque
261 1503 293 1567 in
315 1503 459 1589 Aglaoph.
483 1502 519 1567 T.
542 1503 581 1569 ll.
607 1502 701 1569 1074.
726 1504 836 1580 allata,
866 1504 893 1569 si
915 1505 1040 1569 formam
1060 1506 1227 1583 intuemur,

123 1606 197 1672 nihil
225 1607 393 1691 discrepant
421 1606 648 1691 aparticipiis,
686 1616 719 1671 at
745 1606 994 1690 significationem
1022 1606 1111 1695 longe
1138 1608 1229 1673 aliam

33 1756 35 1761 ,
123 1710 251 1791 habent3
292 1730 383 1793 quare
412 1729 466 1795 pro
495 1708 691 1775 substantivis
720 1708 825 1774 valent
850 1709 972 1793 perinde
999 1731 1035 1775 ac
1063 1711 1229 1777 masculina

60 1832 61 1843 ¹
121 1812 276 1898 repleam,
300 1809 448 1895 offerrem,
476 1832 494 1875 a
516 1811 620 1896 quibus
642 1810 698 1875 hoo
720 1832 812 1876 nnnm
833 1810 987 1889 differunt,
1009 1814 1087 1898 qood
1108 1812 1228 1899 proprie

121 1914 279 1993 dicuntur,
318 1911 371 1977 illa
399 1934 452 1997 per
482 1914 721 1979 translationem.
770 1913 924 1978 Sed-enm
953 1914 1167 2000 adjectivorum
1195 1924 1229 1981 ct

120 2017 216 2081 forma
242 2027 273 2081 ct
297 2025 444 2101 potestate
471 2016 672 2081 adamussim
697 2026 869 2101 congruunt
893 2025 999 2082 abaco
1025 2038 1057 2083 v.
1079 2016 1228 2083 Muratori

118 2117 304 2183 ad·Paullin.
328 2117 429 2183 Natal.
451 2118 522 2183 Xll.
546 2113 620 2184 375.
646 2120 778 2195 aboena,
800 2118 924 2195 vobete,
948 2129 1056 2195 tonsa,
1080 2119 1225 2195 collecto,
1365 2195 1370 2214 1

114 2230 282 2310 prosecta,
312 2220 465 2297 deducta,
495 2241 650 2306 eupema,
669 2219 846 2306 factost),
879 2242 915 2285 ac
940 2220 968 2285 si
992 2242 1079 2286 casus
1105 2220 1228 2287 tulisset

118 2333 153 2389 ot
174 2344 228 2409 pro
249 2319 377 2411 οοφρός
398 2318 539 2413 ὀρυκτή,
569 2344 626 2409 qno
648 2322 797 2390 Homeros
821 2325 866 2390 nti
889 2323 985 2402 solat,
1016 2345 1113 2412 nepae
1133 2322 1226 2390 absti-
1335 2390 1342 2408 „

118 2428 186 2492 nuit
208 2426 397 2512 Xenophon,
428 2449 488 2492 nno
513 2427 606 2492 verbo
631 2426 785 2493 diceretur
809 2420 933 2517 ὀρυκτή
939 2477 951 2508 ,
982 2427 1225 2514 quemadmodum

39 2613 44 2624 κ
117 2524 249 2611 μεστός,
272 2521 454 2620 ναύλοχος,
476 2527 614 2620 placor,
635 2520 805 2618 προβλής,
826 2528 966 2619 πατρίς,
987 2527 1136 2618 τρήρον,
1160 2530 1225 2616 qui·

116 2635 172 2698 bns
196 2633 248 2698 ille
270 2633 458 2708 substantiva
481 2633 632 2718 adjungit,
662 2643 768 2718 postca
788 2656 842 2720 pro
863 2633 1058 2702 substantivis
1082 2642 1226 2717 usurpata

117 2746 205 2813 sunt,
236 2757 305 2800 num
327 2735 421 2820 igitur
441 2735 532 2811 illud,
563 2735 631 2819 quia
652 2736 823 2820 appellativi
843 2737 904 2814 vim
926 2736 1073 2814 obtinuit,
1103 2733 1226 2821 adjecti·

117 2861 224 2904 vorum
252 2858 377 2902 numero
406 2836 526 2902 excludi
552 2858 606 2920 par
632 2837 809 2901 videretur?
850 2838 992 2923 Equidem
1019 2838 1093 2904 illud
1118 2837 1224 2902 eodem

3 3001 6 3008 .
113 2942 184 3027 jore
203 2961 271 3004 esse
289 2949 372 3032 pato,
393 2961 450 3022 quo
468 2931 567 3029 χοτός
585 2939 611 3004 si
631 2961 684 3023 pro
702 2939 801 3028 χῶμα
819 2942 951 3024 ponitur,
973 2942 1061 3027 idque
1079 2941 1223 3006 conhrmo

117 3043 255 3126 exemplo
282 3043 536 3107 substantivorum
564 3033 746 3128 δοξαμονή,
777 3034 920 3130 alcorani
946 3039 1089 3129 (ἥμενος
1115 3041 1222 3132 χοῖρος

116 3144 244 3209 Theocr.
259 3144 343 3212 Xlll.
361 3143 447 3225 48),
467 3136 633 3234 οἲμόμεναι
652 3155 684 3209 et
699 3143 840 3210 similium
858 3166 890 3208 v.
909 3147 946 3210 ad
962 3145 1076 3232 Phryn.
1095 3167 1125 3230 p.
1142 3143 1219 3209 322.

117 3248 154 3310 de
175 3268 300 3330 qnorum
322 3258 391 3310 ortu
412 3247 494 3312 inter
514 3269 619 3312 omnes
640 3247 705 3311 fere
728 3248 881 3310 convenit.
914 3247 1027 3312 Verum
1047 3248 1077 3312 id
1098 3267 1222 3311 accura-

116 3348 177 3412 tius
197 3349 414 3434 explanandum
435 3361 481 3414 est
500 3361 531 3414 et
550 3349 697 3436 exemplis
716 3349 860 3433 pluribus.
895 3349 1054 3415 Nominum
1071 3341 1223 3436 λεπαστή

117 3447 251 3538 (lepista)
278 3453 343 3516 sive
371 3463 405 3516 ut
431 3451 482 3517 alii
508 3451 678 3518 scribebant
698 3446 848 3539 landecop
869 3451 980 3516 Athen.
1003 3451 1060 3517 Xl.
1083 3451 1158 3517 484.
1182 3451 1219 3516 F.

114 3546 297 3641 παλαιοτή,
319 3551 500 3642 πελλοστὴ,
520 3553 703 3644 maldonci,
725 3555 810 3642 origo
830 3576 933 3640 parum
952 3555 1059 3633 claret,
1081 3556 1135 3620 sed
1153 3541 1226 3628 eoi-¹

115 3681 176 3743 op,
205 3651 328 3744 αόρτή,
356 3651 454 3744 ἑορτή
481 3656 546 3723 sive
568 3653 649 3746 ὄροὴ
678 3663 728 3742 (ut
750 3651 863 3748 ἐόρμη,
887 3650 1093 3747 πραοόργη),
1120 3649 1220 3744 οἷήτη.

115 3756 225 3846 dciep,
241 3754 428 3856 'poopcp'ssp
450 3760 638 3826 manifestam
659 3761 771 3826 habent
791 3783 859 3827 cam
877 3761 977 3827 verbis
997 3761 1220 3846 cognationem,

182 4017 371 4102 ldlthmbignu
388 4027 450 4072 sunt
466 4034 561 4080 caera,
578 3977 709 4086 mmcd,
726 4026 816 4089 secto,
834 4024 916 4085 nota,
933 4019 1059 4072 audietne.

183 4105 228 4171 tt)
245 4105 298 4156 lloo
315 4123 363 4158 non
381 4105 512 4174 epitheton
532 4113 574 4158 cst
589 4107 662 4158 vocis
677 4109 764 4177 μοῖρα
782 4115 814 4160 ut
829 4108 905 4161 οἴνου
920 4099 1037 4173 τεςᾶροη
1048 4105 1157 4158 Herode
1172 4102 1216 4157 lv.

116 4191 164 4254 52,
183 4192 209 4251 2.
229 4187 343 4262 δεκάτη,
359 4186 629 4263 ἡμῖοεια,ἤμιο4ιά,
645 4196 759 4262 {pesulo
776 4193 887 4264 Hesych.
907 4193 955 4252 sed
970 4192 1106 4245 vicarium.
