2792 4725
263 294 323 362 ne
352 286 545 363 unlncr.
569 290 787 361 rnnnnrn.
818 290 855 361 c.
878 293 932 363 rv.
956 296 985 382 §-
1009 295 1042 365 ο.
1137 294 1205 369 err

94 487 161 545 tote
189 495 245 543 res
270 475 376 541 redeat
402 475 441 540 ad
467 473 615 539 liirrnrnm
647 494 740 541 mma
767 475 948 561 ser-iptorum
982 474 1206 552 eremitatem,

93 584 159 648 non
180 578 319 671 quesiti
343 578 405 643 sint
430 577 592 643 certissimi
612 598 705 643 verae
727 578 893 664 scripturae
917 590 1032 655 testes,
1063 581 1116 645 sed
1138 582 1211 667 qnia
1347 618 1352 627 .

40 733 43 736 -
93 684 217 771 pariens
239 680 272 746 in
293 692 449 767 utramque
471 692 585 765 partem
606 680 793 766 urgnmentis
824 682 901 747 aliae
922 684 959 747 ad
987 682 1208 769 dijudicandum

93 786 230 852 rationes
257 786 376 851 desunt.
437 780 542 869 itaque
572 784 605 848 in
634 783 740 849 Dierris
771 784 856 849 Cass.
887 784 1011 851 XLVII.
1042 783 1103 863 39,
1125 784 1203 865 328.

97 908 158 973 qno
180 889 249 953 loen
269 889 341 953 olim
363 886 499 962 nitebar,
522 883 654 973 ταύτην
678 890 801 955 ἐκεῖνοι
820 884 979 975 βασιλίδα
1000 882 1206 969 ἀποδείξαν-

94 1012 153 1066 τες
168 985 435 1078 προθυμότερον
458 988 524 1057 τοῦ
542 978 717 1077 πολέμου.
750 986 796 1065 eie
822 991 879 1058 eui
901 987 1098 1079 προστάτην
1125 990 1205 1060 τινα*

94 1098 133 1161 ἐκ
152 1093 216 1161 τοῦ
235 1090 467 1179 Πτολεμαίων
483 1091 606 1181 γένυος
626 1097 760 1183 ἔχοντες
766 1142 777 1173 ,
800 1089 1043 1183 α’ντελδβοντο,
1065 1094 1206 1159 Stnrzius

94 1194 206 1261 eMed.
222 1196 337 1281 recepit
356 1191 546 1281 προστάτιν
561 1196 705 1279 probante
723 1198 826 1261 endem
841 1196 992 1262 Dindnrfio
1006 1196 1105 1261 Praei.
1115 1194 1204 1281 Cnrp.

95 1298 207 1364 Seenn.
222 1320 252 1383 p.
270 1297 354 1363 XIV.
370 1298 419 1382 qni
440 1298 473 1361 in
485 1298 623 1385 Dionysii
644 1298 749 1364 iambis
763 1299 874 1364 Athen.
894 1288 949 1362 IX.
967 1296 1042 1364 495.
1056 1298 1093 1363 C.
1116 1292 1206 1385 αὐτοὶ

93 1398 250 1488 δ’ἐαοτῆς
268 1405 338 1467 ἐστι
352 1395 524 1487 δεσπότης,
548 1422 610 1465 non
632 1422 725 1467 ansus
748 1414 795 1467 est
817 1402 972 1487 praeferre
994 1402 1071 1487 quud
1092 1400 1124 1465 in
1137 1400 1201 1465 Pal.

93 1514 127 1570 et
146 1503 216 1568 Aid.
241 1503 353 1589 legitur
373 1499 539 1578 δεσπότις.
582 1504 616 1569 in
637 1504 764 1589 Appien.
790 1502 858 1567 civ.
877 1500 902 1568 1.
927 1503 958 1571 1.
982 1500 1124 1589 ὁδῆμος
1141 1497 1205 1590 eip-

91 1601 159 1699 χῆν
176 1604 302 1673 ἑαυτοῦ
325 1603 524 1695 προστάτην
543 1602 717 1694 οἷπὲφηνο,
742 1606 800 1671 duo
822 1606 905 1672 cedd.
928 1606 1104 1671 femininum
1131 1606 1205 1671 offe-

91 1719 180 1785 runt,
204 1709 280 1793 qnod
302 1708 359 1773 hee
386 1709 452 1774 Ιοοο
479 1709 576 1795 aptius
598 1710 741 1785 videtur,
756 1708 906 1794 idemque
939 1728 1033 1793 genus
1060 1708 1093 1772 in
1119 1708 1203 1777 uoti.

93 1811 195 1877 Serm.
220 1810 343 1877 vass.
371 1810 427 1890 24,
450 1810 525 1878 215.
550 1806 637 1901 γονή
662 1806 799 1898 (α’ρῖοτη
817 1809 924 1894 ἐστὶν)
949 1814 986 1877 ἐν
1006 1806 1123 1888 νόσοις
1133 1838 1204 1881 πα·

92 1910 266 2001 ραστοὶτις,
290 1916 394 1979 eadem
416 1916 596 1979 anctoritate
617 1914 782 1999 repositum
804 1924 868 1989 est3
891 1912 924 1977 in
947 1912 1037 1999 Curp.
1061 1914 1156 1981 inser.
1176 1913 1202 1981 1.

90 2016 135 2083 N.
158 2013 233 2082 387.
255 2016 463 2105 Κτηοίιιλεια
483 2052 529 2067 -
544 2009 722 2105 ὄργιαοτής
746 2014 912 2079 Bneekhins
935 2015 1019 2101 justa
1047 2017 1083 2081 de
1112 2036 1203 2081 cansa

91 2120 271 2186 femininum
292 2121 437 2204 requirit3
468 2140 525 2184 nee
546 2119 729 2204 pertinacius
752 2118 906 2182 defendam
927 2116 1098 2201 Euripidem
1120 2118 1204 2207 Πη-

91 2221 186 2311 iside
208 2222 310 2309 γέννᾳ
332 2222 405 2287 Heu.
436 2220 510 2287 191.
539 2220 698 2308 scripsisse
727 2220 795 2285 ideo
826 2220 903 2305 qnod
930 2218 1028 2288 παιδὶ
1046 2220 1203 2314 Πηλείδῃ

93 2326 144 2411 (ut
171 2324 293 2402 παῖδας
326 2324 536 2414 Τυνδαρίδαι
563 2324 633 2392 idel.
671 2322 765 2392 1497.
798 2334 882 2398 παῖς
906 2315 1203 2413 Ἀγαμεμνονίδης

92 2429 184 2514 Soph.
209 2429 258 2493 El.
284 2427 376 2514 182.)
398 2429 561 2495 memmiae
583 2431 758 2507 oberraret3
782 2429 835 2494 sed
856 2427 989 2492 seribere
1011 2427 1204 2516 itapntuisse

90 2553 155 2597 non
176 2551 297 2618 negem.
344 2531 500 2609 Cratinus,
523 2543 558 2597 nt
579 2531 702 2597 Photins
724 2531 779 2609 ait,
801 2526 962 2619 μηνντήν
1009 2525 1040 2599 ’ν
1055 2541 1203 2619 γυναῖκα

88 2633 182 2711 εἶπα,
207 2635 337 2699 ἰσαίτατα
362 2635 475 2700 eomiee
497 2634 602 2699 ludens
626 2644 662 2698 ut
680 2630 705 2720 ἤ
723 2628 946 2722 γραμματεύς
966 2633 993 2697 Α
1053 2631 1198 2698 .'l'hesm.

89 2735 169 2802 431.
185 2757 243 2822 quo
260 2736 435 2802 Eustathins
456 2737 590 2801 abutitur
602 2758 632 2821 p.
644 2733 740 2814 1484,
756 2736 789 2800 4.
806 2737 942 2821 idemque
963 2746 1052 2819 poeta
1074 2731 1202 2825 ῥήτορα

89 2837 159 2928 τήν
179 2853 328 2928 γυναῖκα
349 2839 428 2903 dixit
448 2837 535 2903 unu.
562 2859 660 2924 neque
680 2839 762 2934 serio
786 2839 843 2904 diei
859 2837 955 2925 putuit
971 2837 1049 2902 Ιιοοο
1060 2848 1203 2916 senator,

9 2936 13 2942 ’
90 2943 182 3029 qnod·
199 2942 324 3007 Servius
352 2951 525 3006 attestetur.
575 2939 642 3005 dam
669 2942 697 3007 si
727 2941 849 3028 Longus
871 2941 924 3008 111.
947 2939 1001 3009 22.
1026 2964 1057 3027 p.
1080 2938 1135 3005 91.
1158 2940 1202 3004 ita

91 3043 215 3130 scripsit
235 3041 257 3112 ι’
276 3040 391 3112 αδλιδν
406 3041 547 3112 πάντων
559 3041 630 3110 τῶν
647 3043 896 3133 φθεγγομένων
909 3041 1068 3133 μιμητὴν
1081 3037 1203 3130 φωνήν

90 3143 277 3225 dicentum,
315 3147 347 3212 id
374 3158 457 3212 eerte
483 3145 537 3212 ilio
560 3145 704 3212 Cratinus
734 3147 891 3234 exemplo,
924 3148 1001 3234 quud
1023 3143 1203 3210 Seiaeierus

89 3247 211 3315 adhibet
232 3251 269 3316 ad
293 3249 392 3336 Apuli.
408 3247 508 3314 Sehol.
523 3270 553 3336 p.
569 3247 645 3317 628.
671 3250 814 3315 excusam
835 3250 958 3336 nequit,
981 3265 1078 3333 neque
1100 3257 1201 3333 aptum

90 3353 253 3438 osupum
272 3353 306 3416 in
329 3351 408 3416 Adn.
432 3353 470 3416 ad
490 3350 586 3440 lang.
614 3376 644 3438 p.
668 3349 744 3420 382.
768 3354 923 3438 proposuit
942 3343 1118 3441 μιμαλήν,
1147 3349 1202 3416 sed

87 3451 247 3543 μιμητήν
267 3455 472 3540 aeeipiendnm
501 3476 556 3540 pro
587 3458 736 3544 adjectivo
766 3458 936 3532 imitatam,
966 3444 1109 3523 πάντων
1135 3450 1201 3539 τήν

89 3553 213 3645 φωνήν
233 3553 398 3625 σῖπεδίδοο
416 3555 574 3645 μιμητήν
585 3596 628 3608 -—
641 3557 712 3626 τῶν
734 3556 859 3626 κωπῶν
874 3595 917 3608 -
929 3557 999 3624 τῶν
1012 3554 1199 3638 ναοτῶν9).

87 3659 127 3724 in
156 3660 305 3726 Athenaei
334 3661 371 3725 L.
394 3657 479 3725 Xlii.
503 3658 578 3726 601.
609 3661 644 3726 B.
675 3655 907 3752 παιδεραστάν
941 3675 1033 3736 τινες
1060 3656 1202 3726 καλοῦσι

156 3926 185 3993 1)
204 3924 366 3997 Sinnerns'p.
378 3926 436 3982 197.
451 3928 497 3996 qni
513 3930 540 3980 ln
557 3925 635 4000 φανῆ
646 3919 772 4000 μιμητής
792 3929 944 3998 requiescit,
964 3925 1143 3981 Conrrierinm
1156 3923 1201 3977 nd·

86 4017 164 4064 notat
181 4013 293 4081 plurimu
314 4014 439 4066 attulisse
460 4015 576 4081 exempta
592 4013 778 4086 προεστῶσαν
801 4011 867 4070 rint
880 4014 1014 4086 ηηιιιιὸιι
1030 4013 1064 4066 nd
1088 4011 1199 4064 Lneier.

85 4100 163 4152 Asin.
189 4114 215 4168 p.
234 4101 297 4158 adt.
320 4106 348 4153 et
370 4115 396 4168 p.
417 4100 476 4154 181.
502 4101 615 4168 itemque
634 4102 833 4154 Bnissoneddnm
856 4102 890 4154 ad
909 4101 1019 4154 Pirnnd.
1044 4097 1106 4152 diet.
1126 4111 1151 4165 p.
1174 4097 1200 4153 1.

89 4183 222 4253 Quaenam
236 4187 283 4241 ilia
292 4188 346 4241 sint
360 4188 464 4253 nesei03
481 4188 543 4258 quin
561 4188 647 4240 aliene
660 4188 725 4250 sint,
744 4203 794 4242 nun
807 4187 906 4240 dubito.
