2792 4725
326 237 385 304 nn
412 235 579 304 uouru.
606 234 781 304 nouos.
814 237 851 304 c.
871 237 918 304 u.
942 241 970 326 ς.
994 238 1026 304 3.
1172 239 1242 310 ano

123 439 187 484 non
214 409 408 506 βερεδεύειν
433 415 538 506 Etym.
567 413 611 481 bl.
655 413 796 482 Alterum
824 414 1021 502 compositum
1051 415 1173 482 videtur
1200 438 1243 482 cx

123 519 212 586 verbi
233 519 331 585 forma
352 527 520 600 contracta,
543 507 578 582 ut
592 511 787 606 τληπαθής,
808 529 840 584 ct
862 517 983 582 nomine
1006 518 1083 604 quod
1103 517 1242 582 nonnulli

123 621 258 706 Neptuni
282 619 416 706 epitheto
438 613 636 692 Ἑκνοσίδας
660 620 824 705 subjiciunt
849 641 880 684 v.
907 620 946 684 ad
968 619 1019 705 Α).
1045 641 1076 704 ρ.
1099 616 1176 684 380.
1193 618 1243 704 ²⁹)

123 734 178 789 aut
207 744 263 807 pro
292 713 425 808 τμήτης
454 721 598 804 scriptum
630 730 697 796 est,
738 741 795 806 quo
825 719 903 785 idem
934 721 1030 786 utitur
1056 717 1242 807 Ἐκτομεύς

123 815 257 912 τμῆτης
285 825 361 908 (non
388 815 546 910 πρηνής).
595 821 733 888 Tertium
761 818 890 909 πύπης,
927 824 1004 908 quod
1030 822 1241 908 Theognostus

126 928 229 993 Grani.
260 925 298 992 ll.
329 925 390 1002 24,
418 923 472 990 30.
503 945 573 988 cum
600 924 703 988 multis
734 924 801 989 aliis
832 924 973 1012 Hesycbii
1001 923 1111 1010 glossis
1140 925 1178 990 ad
1206 945 1240 1008 se

124 1028 300 1106 transtulit,
333 1022 505 1113 ρτύπτης
531 1038 593 1092 tam
620 1047 714 1114 prope
740 1029 826 1092 abest
852 1039 886 1092 ut
911 1028 1055 1093 momenti
1082 1047 1240 1112 perparum

123 1131 250 1209 afferat3
277 1122 408 1216 τύπτης
428 1140 531 1196 autem
545 1116 585 1197 'ct
606 1129 677 1194 huic
697 1129 809 1196 similia
828 1129 987 1218 κλέπτης,
1010 1125 1153 1218 ticinum,
1172 1121 1240 1217 βά-

122 1257 230 1320 mue,
258 1225 404 1322 δύππης,
435 1255 498 1298 uon
519 1254 538 1299 a
559 1232 769 1318 praesentibus
794 1233 914 1298 usitatis
936 1233 1025 1296 ducta
1052 1233 1105 1298 sed
1131 1232 1240 1298 tertiae

123 1337 254 1425 perlecti
274 1337 388 1423 passivi
410 1336 544 1422 figurae,
573 1345 608 1400 ut
627 1335 661 1400 in
682 1334 794 1400 sobolis
817 1335 944 1411 dicitur,
975 1345 1076 1420 aptata
1097 1355 1165 1400 esse
1188 1335 1240 1400 do·

124 1449 297 1503 cumentum
315 1438 463 1526 praebent
480 1427 644 1526 optinere,
661 1433 842 1526 κατάκτης,
859 1436 988 1526 diceps,
1005 1431 1147 1525 λήππης,
1161 1431 1241 1528 plri-

122 1565 223 1628 πτης.
264 1539 393 1628 Γέρδης
419 1540 542 1627 (cerdo,
565 1541 704 1626 gemine)
732 1541 881 1606 aeolicum
904 1561 972 1606 esse
994 1541 1030 1606 ab
1052 1539 1135 1628 ἔρδω
1160 1540 1239 1604 deri·

121 1654 228 1709 ratum
250 1641 353 1709 Guieti
373 1653 421 1708 est
441 1641 579 1709 ariolatio
601 1644 638 1707 ad
659 1642 793 1730 Hesych.
818 1664 846 1708 a.
864 1641 1014 1731 Γέρδιος.
1047 1643 1101 1708 His
1122 1643 1149 1708 si
1172 1643 1238 1728 quis

121 1738 273 1832 ἄρτύνης
293 1745 441 1810 addiderit
461 1754 493 1808 et
513 1739 681 1832 εὐθύνης,
704 1766 830 1830 quorum
852 1745 960 1810 notitia
981 1745 1147 1824 celebrior,
1172 1747 1239 1810 fere

122 1859 220 1914 totum
243 1847 332 1934 bajus
354 1846 445 1914 exibo
467 1846 591 1932 generis
612 1847 754 1912 ambitum
777 1868 918 1914 emensus
940 1847 1010 1914 erit.
1049 1847 1238 1933 Plebejorum

107 1951 279 2029 ,nominum
300 1948 440 2030 dcuucic,
463 1948 576 2040 poyeio
598 1961 630 2015 et
650 1949 807 2026 similium,
830 1950 867 2014 de
889 1951 994 2036 quibus
1015 1949 1075 2014 alio
1098 1949 1164 2013 loco
1187 1950 1238 2014 de·

121 2053 185 2118 dita
207 2073 299 2138 opera
319 2052 528 2130 disseruimus,
551 2051 635 2118 nulla
657 2053 706 2116 bic
729 2052 864 2120 ducenda
883 2053 974 2118 ratio.
1006 2050 1141 2116 Alterius
1162 2072 1238 2116 vero

122 2153 265 2240 generis,
295 2176 354 2239 quo
377 2155 572 2220 continentur
594 2155 730 2220 verbalia
752 2153 902 2220 secundae
923 2152 1151 2231 declinationis,
1181 2175 1238 2218 ex·

122 2257 221 2343 empla
241 2246 365 2321 minime
386 2256 474 2322 dubia
495 2267 620 2336 extant,
646 2249 745 2347 οἷγός,
769 2247 887 2346 α’ρχός,
914 2253 1056 2339 decede,
1083 2249 1236 2344 ἄρεσκος,
1281 2290 1293 2307 ,

119 2350 262 2450 βοσκός,
282 2352 372 2441 etde,
395 2351 501 2449 φαγός
516 2364 574 2445 ³⁰),
596 2353 711 2449 φειδός
733 2355 857 2449 (pudic)
881 2372 942 2425 cto.
980 2360 1045 2443 Quo
1067 2359 1099 2425 in
1122 2380 1236 2445 genere

121 2463 149 2527 si
170 2462 287 2529 labialis
308 2463 492 2541 intervenit,
522 2484 611 2548 saepe
633 2464 746 2549 duplex
767 2462 855 2529 utin
877 2462 980 2529 latinis
996 2462 1100 2553 jugis,
1123 2464 1235 2541 scobis,

121 2565 254 2643 scrobis,
277 2565 397 2642 trabes,
419 2564 557 2631 Polluces
571 2568 635 2644 ³¹),
658 2566 780 2651 plebes,
803 2565 955 2651 reperitur
975 2568 1089 2643 torma,
1115 2556 1237 2654 κραρός

122 2678 155 2731 et
174 2660 273 2754 προίξ,
297 2664 452 2757 ἅρπαγος
474 2677 505 2731 et
525 2661 637 2754 ἅρπαξ
651 2670 697 2753 ³²)
702 2718 718 2749 ,
741 2665 862 2744 δίοπος
882 2679 914 2733 et
934 2666 1035 2753 dico,
1058 2665 1237 2756 μαίμακος

115 2879 120 2887 .
189 2837 245 2905 00)
254 2835 413 2909 Melanippo
427 2837 535 2907 Nicepb.
551 2840 656 2892 blemm.
673 2838 798 2907 Parapbr.
819 2856 845 2908 p.
864 2839 925 2902 107,
946 2838 970 2894 7.
991 2838 1032 2892 ed.
1050 2840 1144 2893 bernb.
1164 2856 1189 2910 p.
1207 2842 1234 2895 t.

122 2924 218 2993 Spobn.
237 2940 321 2993 nequa
338 2925 472 2977 dolorm
490 2927 651 2993 pertinacius
670 2942 752 2993 neque
770 2928 905 2980 damnabo.

190 3011 237 3079 30)
254 3007 345 3080 eulpae
360 3013 488 3064 scribitur
503 3012 633 3080 Eptpbou.
650 3029 674 3065 c.
689 3013 768 3067 llaec.
784 3014 815 3066 L.
831 3015 851 3067 1.
868 3014 900 3067 Τ.
916 3013 947 3067 11.
967 3012 1028 3067 14³.
1042 3012 1071 3065 B.
1091 3014 1123 3067 de
1140 3030 1191 3081 quo
1208 3014 1236 3067 iu

121 3096 207 3151 alieno
223 3097 280 3151 loro
297 3098 386 3163 litigat
402 3096 566 3153 Fritzscbius
582 3100 647 3151 idue.
667 3099 711 3151 111.
732 3101 765 3151 ad
781 3099 861 3153 Mare.
881 3116 906 3169 p.
926 3099 987 3153 tat.
1008 3107 1131 3153 accentus
1149 3101 1235 3153 diver·

121 3183 226 3235 sitatcm
243 3185 373 3251 explicare
393 3187 509 3237 annisus.
536 3178 631 3255 Φᾶγοσ
647 3187 778 3253 epitheton
796 3189 851 3237 rive
865 3188 952 3237 macir
969 3185 1160 3239 substantivum
1178 3201 1236 3239 esse

121 3271 232 3332 statuit,
251 3265 336 3341 φαγόσ
353 3270 526 3336 adjectivum,
545 3272 637 3339 bisque
655 3278 787 3344 comparat
803 3262 890 3341 τόμος
906 3279 934 3323 ct
949 3267 1049 3338 τομάς,
1069 3288 1135 3339 quae
1154 3272 1235 3340 pluri-

103 3372 190 3426 ‘mum
208 3357 316 3408 distant.
353 3358 507 3427 Eurytania,
534 3373 600 3425 quac
624 3358 656 3408 ad
674 3358 772 3427 Pbryu.
794 3358 854 3411 tea.
878 3357 970 3419 attuli,
998 3356 1098 3409 aceedit
1121 3358 1203 3413 aldor
1221 3351 1238 3411 ὅ

119 3442 214 3497 αἴθων
229 3442 317 3512 Etym.
336 3442 371 3496 11.
391 3453 420 3497 et
436 3440 523 3514 φῶνπ
538 3440 556 3497 o‘
573 3439 764 3514 μεγαλόφωνος
782 3442 938 3508 Tbeoguost.
958 3442 1045 3495 Gram.
1064 3444 1098 3497 11.
1117 3444 1160 3498 bd.
1187 3442 1235 3497 re-

119 3529 220 3581 miniua
236 3530 461 3584 substantivorum
477 3544 584 3585 munera
602 3529 748 3594 iunguntur
766 3522 859 3600 ἅρπη,
882 3526 997 3597 cette,
1020 3533 1116 3597 nette,
1140 3534 1236 3597 cutte,

120 3607 231 3688 ἔφρασα
246 3597 352 3683 eccilli
367 3616 428 3669 fles.
447 3618 550 3685 proprie
568 3616 715 3672 haustuum.
813 3682 821 3696 ἱ

190 3701 236 3767 31)
253 3693 353 3754 Trabea
367 3702 478 3755 fortasse
490 3719 524 3755 er
537 3718 630 3769 graeco
641 3699 759 3773 σρᾰφηξ,
770 3700 888 3753 Polluces
901 3718 935 3754 cx
945 3690 1128 3773 Holcleiuqe.
1148 3703 1234 3757 Scbol.

120 3786 207 3855 Apoll.
224 3786 245 3839 1.
264 3786 342 3841 tttt.
372 3782 538 3856 Holedciruc
554 3786 662 3858 λέγεται
679 3783 697 3841 c‘
714 3785 787 3841 utico
802 3784 912 3857 plaude,
932 3795 963 3839 ut
980 3788 1062 3839 dulcis
1081 3805 1126 3856 pro
1143 3785 1237 3858 plenis

121 3873 204 3925 cluer'c
220 3873 338 3925 adbibita
354 3875 492 3926 metathesi
508 3890 535 3926 r.
552 3873 624 3925 Fert.
645 3890 667 3926 s.
688 3873 868 3927 Oluct'datum.
898 3872 998 3931 Asinus
1014 3890 1061 3942 pro
1078 3872 1188 3945 ylcriaect
1206 3883 1237 3927 ut

121 3959 226 4020 dedico,
244 3959 348 4026 deliquo
366 3968 416 4012 etc.
436 3976 464 4012 v.
482 3959 654 4012 Valckenacr.
675 3961 707 4011 de
725 3958 787 4012 Urb.
808 3960 871 4013 Cad.
891 3959 915 4029 ἓ.
938 3960 979 4015 17.

190 4044 235 4112 32)
252 4044 387 4113 Harpagus
404 4061 496 4100 nomen
512 4048 644 4115 proprium
661 4054 718 4108 eat,
736 4047 804 4115 apud
821 4046 930 4099 Latinos
947 4047 1014 4108 viri,
1037 4047 1105 4115 apud
1122 4045 1236 4101 Graecos

121 4132 183 4202 equi
202 4130 344 4192 Stesiebon
362 4129 409 4187 rr.
429 4130 449 4186 1.
469 4139 497 4186 et
513 4130 671 4201 adjectivum
687 4133 716 4185 iu
734 4131 820 4186 Scbol.
839 4132 922 4187 Arist.
942 4132 1014 4188 Plnt.
1035 4131 1095 4189 tet.
