2792 4725
198 309 270 378 Md
429 329 434 341 ·
562 307 884 380 tttssstttsdto
911 309 982 380 Vl.

198 488 401 576 interpositis,
426 499 461 555 nt
482 489 517 555 ln
536 487 688 554 Ammouii
709 489 789 568 loco,
813 491 951 558 terminis
980 490 1132 572 mediis,
1160 509 1246 577 ques
1268 490 1362 558 Diale

200 589 274 661 utici
301 603 426 658 vocant.
476 592 622 678 Equidem
651 592 853 658 llerodianum
880 593 968 659 illum
1010 594 1068 659 sio
1103 604 1361 679 argumentatum

77 733 92 742 ·-
200 717 267 763 esse
288 695 437 769 arbitror,
460 690 646 782 φιλοπότης
670 716 690 759 a
709 689 816 770 πότος
842 697 1058 782 compositum
1085 696 1283 782 significare
1304 697 1358 765 τόν

201 793 392 888 palinurus
405 805 439 862 ut
459 795 678 888 βραχυπότης
699 797 809 864 dicitur
829 814 865 863 sc
889 792 1151 891 βραχύποτος,
1178 800 1239 864 sed
1265 801 1357 886 φιλυ-

199 897 319 988 πότην
343 901 493 968 nominari
516 922 584 966 eum
605 899 643 975 ὃς
664 901 756 987 φιλεῖ
788 894 901 988 πιότης
932 901 1037 970 εἶναι
1049 953 1063 984 ,
1101 923 1145 968 ac
1176 903 1289 967 nescio
1319 925 1353 966 aa

199 1023 252 1090 pro
274 1004 330 1069 boc
350 1001 466 1091 πιότης
490 1024 580 1090 quum
603 1013 712 1068 testem
735 1003 829 1068 ellare
851 1026 913 1069 uon
934 1015 1073 1090 posset,
1102 1006 1292 1090 analogiam
1313 1013 1351 1067 at-

198 1106 305 1172 tulerit
324 1108 490 1192 speciosam
511 1107 608 1190 magis
629 1116 716 1190 quant
738 1125 842 1171 vemm
857 1107 988 1172 nominis
1005 1109 1108 1174 attici
1124 1107 1257 1195 πῶμα.
1292 1106 1347 1170 Na·

200 1229 259 1294 que
279 1211 475 1295 negaverim,
506 1208 728 1272 distinctionem
757 1208 840 1272 illam
869 1209 1037 1294 aliquando
1081 1221 1344 1298 peropportunam

198 1331 278 1388 esse,
302 1331 372 1374 nam
393 1333 456 1376 uon
477 1332 583 1377 omnes
604 1310 657 1397 qui
677 1301 796 1386 misera
818 1310 1012 1378 oblectantur
1023 1359 1037 1392 ,
1067 1323 1241 1399 potatores
1262 1321 1339 1387 sunt,

199 1433 236 1476 ac
257 1409 443 1502 φιλοπότης
466 1417 543 1500 apud
563 1413 795 1502 Aristophanem
815 1435 938 1499 prorsus
968 1437 1043 1481 eam
1076 1414 1337 1502 significationem

199 1513 301 1592 babet,
325 1536 411 1602 pam
433 1517 504 1583 huic
524 1521 640 1584 formae
660 1517 797 1602 assignat
818 1516 1068 1595 Grammaticus,
1095 1519 1158 1584 sed
1181 1528 1220 1582 ut
1243 1517 1334 1604 φιλο-

196 1613 312 1704 πότης
332 1619 436 1684 codem
457 1619 615 1686 intellectu
644 1619 705 1686 dici
733 1636 794 1685 non
816 1621 928 1704 possit,
963 1639 1176 1709 nequaqnam
1208 1619 1276 1684 veri
1294 1617 1331 1681 si·

197 1718 269 1784 mile
291 1730 446 1805 totumque
468 1722 628 1787 discrimen
657 1744 721 1788 non
748 1721 978 1806 significationis
1007 1723 1090 1789 sed*
1105 1723 1231 1788 formae
1253 1739 1327 1793 esse,

195 1822 355 1908 superiora
376 1823 517 1911 exempla
536 1825 729 1891 manifestum
750 1825 876 1890 faciunt.
1013 1821 1015 1828 ’

696 1997 726 2082 5.
751 1996 805 2064 12.

282 2115 329 2182 De
350 2114 632 2193 terminationibus,
668 2137 742 2201 quas
775 2116 809 2180 in
838 2115 894 2184 hac
921 2116 1146 2184 dissertatione
1181 2113 1316 2191 tractavi,

198 2218 323 2284 subinde
344 2218 388 2283 ita
408 2234 475 2282 sum
497 2218 637 2302 loquutus
663 2220 746 2284 acsi
768 2239 787 2283 a
807 2219 903 2305 print
931 2229 963 2282 et
983 2221 1080 2286 tertia
1103 2218 1235 2306 perlecti
1253 2223 1313 2301 pat«

194 2320 254 2387 alvi
281 2340 412 2407 persona
438 2320 591 2387 derivatas
621 2331 711 2406 atqtn
739 2341 901 2406 expressas
933 2333 1086 2407 putarem.
1137 2322 1231 2407 idque
1258 2314 1310 2383 loci

194 2423 337 2507 exempto
358 2433 498 2487 veterum
519 2426 688 2499 doctorum,
711 2424 762 2509 qui
783 2445 872 2508 quum
895 2428 1017 2491 numina
1039 2424 1183 2493 verbalia
1204 2418 1307 2487 ordinis
1340 2478 1344 2485 .

194 2535 227 2590 et
247 2524 450 2608 dispositionis
472 2543 563 2591 causa
583 2526 748 2592 macutum
768 2527 854 2591 verbi
875 2527 969 2613 ipsius
1003 2529 1120 2597 flexus
1135 2526 1305 2593 distribuere
1342 2554 1346 2563 ³

193 2626 411 2701 instituissent,
434 2627 510 2692 ulltil
531 2639 592 2692 tam
606 2638 841 2693 cousentaneum
856 2641 934 2706 erat,
958 2653 1046 2715 quam
1069 2643 1106 2699 ut
1128 2623 1300 2711 unumquod-

194 2750 252 2815 que
274 2750 384 2794 nomen
409 2729 438 2793 ei
459 2729 644 2815 subjicerent
665 2731 811 2815 tempori,
842 2734 927 2817 cujus
953 2734 990 2797 ad
1012 2734 1239 2799 similitudinem
1259 2746 1301 2791 ae·

194 2833 319 2903 ceduet
338 2833 544 2917 proxime⁶⁶).
587 2833 693 2919 Neque
722 2845 822 2899 nmen
851 2834 920 2901 hnic
946 2837 1072 2923 ragades
1100 2832 1296 2922 superstitiose
1378 2895 1379 2915 q

192 2934 354 2999 inhaerent
374 2937 427 3001 sed
449 2936 545 3001 libero
567 2948 599 3002 et
623 2937 764 3021 expeditu
787 2958 907 3022 gressu,
933 2954 1114 3024 quocunque
1136 2959 1187 3003 res
1208 2944 1238 2999 et
1256 2950 1297 2997 ra·

193 3037 237 3101 tie
260 3048 369 3115 vocat,
391 3040 565 3105 devertunt.
624 3040 727 3105 Sobel.
750 3039 788 3107 ll.
819 3040 865 3111 A.
898 3038 972 3107 104.
1003 3036 1114 3131 ὥςπερ
1142 3034 1211 3109 (ι’πό
1238 3028 1293 3103 toti
1376 3047 1378 3087 ἲ

264 3335 310 3401 66)
329 3336 380 3403 Qui
397 3332 504 3411 ιόριτῆσ
524 3348 553 3392 et
568 3342 665 3393 similia
682 3342 780 3395 assisto
803 3343 960 3397 subnectunt
981 3344 1067 3413 potius
1086 3358 1160 3415 quam
1178 3336 1289 3407 perlecto»

193 3422 220 3483 lai
232 3429 260 3474 et
274 3422 424 3489 disciplinae
442 3433 555 3479 tenorem
569 3429 724 3495 perturbant
737 3434 763 3479 et
774 3444 864 3497 porum
884 3437 992 3497 prosunt
1008 3430 1145 3493 tironibus,
1158 3426 1201 3495 qui
1219 3431 1285 3489 ditum

192 3510 278 3576 dirps
288 3507 461 3580 eun-tatem
474 3513 689 3581 comparaverint,
709 3520 813 3582 practer
826 3516 939 3567 vocalem
952 3516 1035 3566 omniu
1049 3523 1149 3567 mutata
1162 3509 1284 3579 reperient.
1356 3523 1359 3533 ¹

192 3594 232 3647 Ab
246 3594 290 3646 illc
306 3601 420 3663 ternpore
436 3599 501 3651 nibil
514 3601 640 3652 commode
656 3602 738 3667 repeti
757 3608 842 3668 potest
856 3602 906 3652 nisi
923 3592 1059 3668 deradit,
1074 3594 1212 3666 adorabat,
1228 3602 1283 3661 quit

144 3714 148 3719 .
191 3682 487 3736 tetmlnstioeonsontab
504 3688 577 3738 tbeta
595 3699 750 3739 communem
768 3688 846 3738 babet
858 3692 915 3739 cu‘m
929 3688 1080 3754 imperativo
1097 3682 1184 3753 στῆθι,
1203 3676 1282 3737 elida

191 3772 249 3821 cum
262 3770 379 3836 personis
398 3771 511 3839 passivis
531 3769 712 3838 τιπτόμιθιι,
735 3771 888 3835 stannus,
912 3790 972 3827 eum
994 3773 1163 3827 substantivis
1180 3763 1280 3835 atita,
1371 3794 1372 3842 p

189 3853 289 3925 γῆθος,
309 3864 336 3908 et
353 3857 603 3925 compressantibus
617 3858 679 3924 ipsis
691 3855 809 3925 πλήθη,
828 3850 919 3929 νόθη,
937 3858 1040 3930 πρὴθω
1053 3868 1104 3915 ete.
1139 3856 1218 3923 Neque
1233 3858 1280 3918 li*
1372 3851 1375 3935 J

192 3942 278 3994 suasit
293 3943 356 3994 mibi
368 3944 512 3996 boeckbius
528 3943 604 4009 Cerp.
619 3943 701 3995 lnscr.
710 3944 730 3996 1.
748 3946 808 3997 881.
827 3962 860 3997 ex
875 3938 980 4017 ἀμείβω
1000 3948 1108 4015 primum
1127 3946 1214 3997 laetum
1234 3947 1280 3987 esso

189 4018 322 4098 ἥμιιβιαι
341 4036 370 4080 et
383 4024 538 4098 ἡμιόβθην,
558 4030 603 4080 sed
618 4030 733 4098 antiquis
752 4030 881 4083 assentior
900 4028 1096 4097 Grammaticis,
1116 4040 1143 4085 ut
1161 4030 1188 4080 ab
1204 4029 1277 4089 tropo

191 4112 344 4186 teipsum,
361 4114 400 4165 alo
415 4115 447 4166 ab
457 4108 582 4187 ἤμειφαι,
599 4118 666 4184 quod
678 4120 704 4169 in
718 4126 775 4171 arte
789 4119 904 4193 ponitur,
918 4112 1036 4187 ἥμιιψιιι
1049 4128 1077 4171 at
1096 4122 1177 4170 cetero
1193 4116 1277 4193 procet-

191 4202 266 4254 sisse.
299 4198 372 4254 Unde
385 4202 453 4254 snitu
467 4195 578 4274 δραχμή
593 4210 621 4257 et
635 4204 732 4257 similis
746 4196 797 4261 uisi
818 4222 852 4258 ex
871 4205 1056 4273 untltlpdtione
1078 4202 1179 4275 porrecti
1195 4191 1277 4250 totid?
