2792 4725
182 327 256 396 1124
386 332 392 341 ’
533 323 854 390 111681111ΤΑ1ῚΟ
883 322 947 390 111.

78 554 93 599 5
185 506 326 592 opinatur
350 504 389 569 ad
409 502 523 569 Atlren.
545 503 583 568 Τ.
607 503 632 574 l.
662 502 741 571 291.
771 526 813 569 ex
839 501 1098 591 μετακέρασμα,
1129 503 1206 589 quod
1231 514 1305 589 apto

183 610 358 674 resa'tutun
379 618 428 672 cst
449 607 530 671 Plut.
553 606 589 671 dc
613 606 685 671 l'ac.
710 606 789 671 Luu.
812 608 919 670 XXX.
943 604 997 673 98.
1020 605 1210 671 imminutum
1232 628 1306 671 esse

185 713 239 775 sed
261 710 415 785 nativum,
441 710 547 774 deinde
569 710 751 793 adjectivum
773 706 793 775 ὅ
815 721 846 775 et
866 707 890 795 ἠ
912 704 1097 794 ariadnaeus
1103 758 1115 789 ,
1143 710 1220 794 quod
1242 708 1304 773 Le·

185 812 362 897 xicographi
383 811 526 887 offerunt,
550 812 637 896 rejici
659 822 812 897 oportere,
837 834 894 876 nec
915 813 1035 895 probari
1056 833 1144 898 posse
1166 834 1303 898 parony-

184 916 305 981 touesin
324 909 509 998 αὐτοκέρας
525 916 640 979 Auecd.
658 914 754 979 Bekis.
774 937 804 999 p.
819 913 896 994 467,
915 914 947 978 7.
967 916 1098 1001 Hesych.
1116 914 1205 979 Phot.
1239 914 1303 977 lle·

185 1017 337 1081 cliuabilia
358 1018 446 1081 modo
467 1038 537 1081 eum
558 1028 716 1081 accentum
739 1017 867 1093 habent,
892 1038 978 1101 quern
998 1014 1191 1081 Grammatic'i
1212 1037 1303 1101 prae-

184 1120 332 1195 scribunt,
355 1115 501 1203 acixpcicu
524 1117 625 1205 φίλον
642 1118 755 1183 Aesch.
774 1118 906 1202 Choeph.
924 1118 1000 1183 344.
1019 1118 1131 1185 Athen.
1146 1118 1203 1181 Xl.
1220 1116 1299 1185 482.
1326 1182 1329 1189 ,

184 1223 220 1285 B.
244 1243 302 1307 quo
324 1222 476 1286 refellitur
496 1221 673 1285 Schneideri
695 1221 810 1306 opinio
834 1217 954 1307 εὔκρας
978 1233 1009 1286 ct
1030 1216 1197 1308 αὐτόκρας
1219 1219 1301 1283 hunc

183 1346 277 1388 uuum
305 1324 415 1389 babere
442 1344 544 1387 casum
572 1324 609 1387 ad
636 1323 787 1407 Theophr.
817 1324 929 1387 Τ.111.
958 1324 1032 1389 541.
1066 1319 1188 1409 cainonis
1215 1326 1301 1408 ἔρως
1366 1326 1375 1341 ’

183 1425 376 1510 Asclepiades
397 1425 491 1489 Anth.
509 1424 573 1489 Pal.
592 1424 663 1489 Xll.
688 1446 721 1489 u.
743 1423 816 1489 105.
842 1436 873 1489 ct
894 1426 977 1490 Suid.
1000 1419 1142 1511 uaoupu'c
1163 1424 1297 1511 Hesych.

183 1531 272 1595 modo
293 1528 496 1593 contrarium
528 1522 650 1612 εὔκρας
668 1521 831 1614 εὔκρατος
850 1528 952 1612 Etym.
968 1529 1011 1593 Μ.
1035 1520 1201 1613 catapano
1223 1552 1300 1595 ποι·
1334 1570 1338 1579 ·

183 1644 237 1698 εῖν
258 1630 337 1694 Plut.
356 1629 459 1716 Symp.
475 1628 515 1693 V.
538 1628 577 1705 4,
598 1630 673 1695 215.
698 1631 735 1693 Τ.
753 1631 811 1695 Xl.
834 1629 948 1695 Athen.
967 1630 1039 1694 XV.
1060 1629 1136 1695 665.
1156 1631 1193 1693 Ε.
1218 1630 1299 1713 quud

183 1756 239 1820 per
262 1754 366 1797 omues
390 1733 475 1797 codd.
502 1732 619 1797 obtinet
643 1734 697 1797 sed
721 1754 740 1797 a
765 1733 919 1797 Dindorfio
944 1733 1067 1817 regulae
1084 1734 1299 1806 ,accommoda-

183 1850 247 1901 tum
269 1846 328 1901 cst.
374 1835 588 1903 Verumtamen
609 1846 731 1899 veteres
759 1834 816 1918 ipsi
842 1837 907 1918 cjus
932 1848 1072 1900 auctores
1099 1857 1161 1899 non
1183 1836 1297 1911 omnia,

184 1961 260 2025 quac
278 1940 311 2003 iu
329 1940 511 2002 contrarium
527 1939 666 2013 veniunt,
691 1937 870 2021 corrigenda
889 1948 1026 2013 censent,
1050 1938 1102 2001 sed
1120 1937 1297 2020 metaplasta

184 2063 253 2107 esse
275 2042 456 2121 defenduntc
486 2044 556 2106 ἔστι
575 2040 620 2126 cpi
642 2030 831 2126 μελικράτῳ
854 2040 911 2105 καὶ
929 2031 1143 2128 χαλκοκρατῳ
1165 2039 1224 2105 καὶ
1241 2035 1297 2125 yt'-

181 2170 279 2213 νεται
300 2140 385 2211 nocui
406 2140 657 2228 μεταπλασμὸν
678 2142 724 2227 τῷ
745 2139 921 2225 μελίκρατι
947 2142 1005 2209 καλ
1028 2142 1074 2228 cpi
1095 2135 1297 2231 χαλκόκρατι

182 2248 298 2312 Anecd.
326 2266 355 2328 p.
380 2243 475 2308 1226.
504 2266 580 2329 quae
605 2243 785 2327 significatio
812 2254 874 2319 est,
909 2244 1110 2309 nominativos
1134 2242 1296 2331 μελίκρας

183 2360 216 2415 et
235 2338 419 2439 χαλκόκρας
439 2347 501 2411 illis
522 2347 616 2412 fuisse
636 2349 778 2433 ignotus;
809 2346 861 2410 scd
884 2369 973 2431 quum
996 2346 1052 2410 hoc
1074 2358 1197 2433 propter
1215 2340 1295 2412 'rari-

182 2463 276 2516 tatem
303 2449 439 2514 vocabuli
466 2450 622 2514 fcrtuitum
649 2449 746 2514 videri
773 2450 868 2533 possit
893 2450 1055 2533 eadamque
1080 2461 1223 2514 accentus
1246 2450 1294 2513 in·

183 2553 354 2619 constantia
374 2562 407 2615 et
427 2552 575 2636 obliquos,
598 2575 673 2636 quos
690 2553 777 2616 modo
799 2553 899 2629 attuli,
922 2564 954 2616 et
973 2553 1029 2616 hoc
1048 2553 1223 2616 universum
1240 2573 1293 2634 ge·

165 2682 169 2690 ·
183 2677 241 2720 nus
254 2655 399 2742 pervadat
411 2675 443 2718 v.
452 2655 581 2720 Dissert.
591 2653 628 2718 ll.
641 2653 676 2717 G.
687 2653 727 2716 ll.
744 2657 851 2718 merito
866 2657 1055 2741 repudiamus
1068 2654 1293 2738 metaplasmum

182 2758 266 2842 nulla
291 2757 400 2820 idouea
426 2757 544 2820 ratione
570 2757 736 2820 fundatum.
767 2792 811 2804 -
839 2758 867 2821 A
894 2757 1090 2822 substantivis
1118 2754 1293 2818 masculinis

182 2859 345 2944 composita
366 2871 439 2923 suut
458 2854 677 2946 oivdpoyt'yuc,
698 2856 865 2945 τριγίγας,
887 2858 1108 2948 ῥυγχελέφας,
1133 2856 1294 2944 ταυρελέ·

182 2987 262 3052 φας,
289 2956 409 3045 εὔκρας
436 2955 620 3048 εὐκὲφαλος
650 2972 681 3025 et
709 2953 889 3048 λεακόκρας
915 2960 1178 3046 λεακοκέφαλος,
1215 2981 1291 3044 quac

180 3063 349 3151 Hesychius
371 3064 493 3140 retulit,
520 3075 679 3148 utrumque
700 3085 720 3127 a
741 3063 907 3134 masculino
930 3063 1145 3146 compositum
1176 3083 1292 3126 aucu-
1384 3143 1386 3146 Ι

180 3180 231 3233 tro
257 3165 345 3253 adpo
372 3178 444 3232 sunt
467 3161 664 3254 α’μφικαρής
684 3175 724 3230 'et
748 3157 902 3253 δικραής,
934 3166 971 3230 dc
995 3166 1100 3249 quibus
1126 3186 1217 3250 supra
1241 3165 1288 3228 ad·

179 3292 295 3336 mouur.
1267 3325 1271 3332 .

266 3372 407 3456 Sequitur
435 3372 558 3436 tertium
586 3393 683 3455 genus
712 3381 871 3446 neutrum,
910 3370 987 3454 quod
1014 3369 1201 3456 hisyllabiam
1228 3391 1290 3433 non

180 3476 345 3561 obauditur,
368 3468 469 3541 odota
484 3473 550 3562 γάρ
567 3477 615 3546 εἰς
633 3460 675 3546 αξ
691 3473 796 3560 λῆγον
817 3469 903 3558 ὑπὲρ
926 3464 986 3540 δύο
1007 3470 1178 3559 συλλαβάς
1196 3475 1290 3538 ἔστιν

178 3572 357 3663 οὐδέτερον
378 3577 480 3663 Etym.
503 3579 546 3641 tt.
570 3575 647 3651 491,
667 3575 724 3641 22.
756 3574 806 3659 qui
829 3574 885 3638 hoc
908 3596 1022 3660 quoque
1045 3574 1206 3638 Herodiaui
1231 3573 1289 3638 sci·

178 3691 243 3746 tum
263 3679 351 3744 affert
371 3701 401 3763 p.
425 3676 508 3755 639,
531 3676 563 3741 8.
588 3673 657 3744 cincii
679 3677 749 3743 coia
770 3680 818 3750 εἰς
837 3664 880 3750 αξ
902 3671 944 3744 uti
963 3676 1094 3762 γίνεται
1115 3668 1289 3743 σύνθετον

177 3777 250 3848 a'tt'
270 3777 341 3848 α’πό
363 3780 433 3847 cciv
454 3784 502 3855 sic
523 3768 577 3859 or,
600 3801 693 3865 quare
714 3769 861 3866 α’μφῶης
875 3785 903 3862 ⁵)
926 3799 986 3842 nou
1007 3781 1043 3843 ab
1064 3771 1147 3853 caiae
1168 3797 1288 3862 compo·

204 4103 211 4116 .
247 4036 274 4103 1)
296 4035 382 4105 Vulgo
399 4030 520 4106 cippoiacc
536 4037 649 4102 legitur,
675 4037 743 4104 quod
761 4051 810 4087 non
828 4037 948 4088 convenit
965 4035 1088 4103 exemplis
1106 4025 1194 4104 ὥςπερ
1209 4030 1288 4104 nopai

175 4115 208 4175 vd
225 4119 298 4178 sides
312 4114 431 4190 cicadis,
453 4127 528 4193 γένος
545 4117 670 4192 edysvp's,
690 4116 762 4176 o‘c‘cu
780 4121 857 4190 παραὶ
874 4122 907 4175 τό
924 4118 968 4176 ὅσα
985 4118 1114 4190 appulsae.
1143 4121 1286 4172 'Acceptum

175 4209 347 4264 Buttmanuus
364 4210 464 4263 coulcrt
481 4227 539 4262 cum
557 4205 686 4276 deroldus,
702 4202 841 4278 πανώλης.
874 4207 1035 4259 llerodianus
1051 4225 1082 4260 π.
1101 4211 1178 4262 Mor·
1197 4223 1223 4274 p.
1242 4209 1286 4262 tt.
