2792 4725
217 317 549 390 desuescerent.
573 320 730 389 DECLlN.
755 321 893 390 PAPAG.
918 323 995 390 lON.
1011 330 1048 413 ρ.
1066 327 1098 393 4.
1157 329 1230 397 505

121 495 278 592 mopso.
321 501 496 569 nonium
516 499 714 590 pasees.
737 513 768 567 o
789 502 879 569 oron.
903 476 935 571 i.
951 504 1026 571 sse.
1040 504 1229 592 suamme-

122 600 254 684 tldes,
279 602 420 682 Λύδιος,
442 600 586 693 Σύριος,
608 598 820 693 Παμφύλιος
848 618 879 671 et
908 629 974 672 enm
996 609 1149 695 adjectivis
1171 602 1229 697 ὄρ-

121 715 217 787 θιος,
238 701 427 796 ιιιρτύμιος,
448 705 610 797 μειλίχιος
631 720 795 793 comparat,
819 710 853 775 de
870 711 975 793 quibus
997 712 1077 777 infra
1098 712 1248 801 dicetunl
1375 780 1378 789 .

124 812 183 877 Sed
204 812 277 877 baec
298 812 363 877 sive
390 811 469 875 idem
502 832 569 874 cum
590 810 751 896 primitivis
782 812 953 896 significant
980 825 1015 879 ut
1034 809 1228 901 Aopdolctoo

121 913 326 1001 Καρμύιιοι
350 938 382 981 v.
405 912 574 979 Tzsebuck.
597 915 634 979 ad
655 915 728 979 blel.
753 914 821 979 Vol.
849 914 887 981 ll.
911 916 945 981 P.
969 916 1021 979 lll.
1050 915 1127 983 263.
1160 918 1226 981 sive

64 1016 67 1022 ’
123 1018 275 1082 diversum
297 1018 432 1102 quiddam
462 1027 497 1080 ut
518 1019 691 1102 plerumque
714 1012 851 1103 Σύριοι,
883 1020 1155 1083 aderivativorum
1181 1019 1227 1082 si·
1353 1032 1361 1055 ·

121 1120 289 1185 militudine
311 1120 430 1205 longius
457 1141 544 1204 quam
573 1120 729 1205 superiora
758 1122 865 1185 absunt
892 1122 1045 1206 magisque
1074 1122 1121 1185 sui
1147 1121 1227 1205 juris

122 1243 191 1287 esse
213 1224 365 1288 videntur.
409 1223 449 1285 llt
479 1222 589 1291 elarius
615 1224 706 1289 etiam
739 1225 771 1288 in
800 1224 1022 1310 andronymieis
1038 1218 1174 1309 Ἴκαρος
1196 1232 1228 1287 et

121 1319 269 1417 Ἰιιύριος
288 1348 320 1390 ν.
342 1325 461 1389 Jacobs.
486 1326 522 1388 ad
544 1325 653 1389 Acbill.
677 1327 747 1390 Tot.
771 1347 799 1410 p.
824 1325 899 1392 493.
923 1318 1068 1401 Ξάνθος
1091 1337 1121 1391 et
1134 1320 1226 1399 Ξύι-
1309 1406 1313 1417 .

120 1433 203 1501 θιος
225 1448 257 1491 v.
280 1427 450 1493 Tasebuck.
479 1428 515 1491 ad
538 1427 636 1493 Strab.
659 1430 703 1493 X.
725 1426 801 1496 288.
825 1429 980 1515 Λαέρτης
1001 1438 1032 1492 et
1052 1431 1225 1515 Δαέριιος,

120 1528 276 1616 ἐριούνης
297 1543 330 1597 et
353 1526 529 1617 ἐριούνιος,
543 1532 687 1619 simplicis
705 1525 976 1616 parasobematismi
991 1532 1116 1616 vestigia
1133 1552 1226 1615 agno·

121 1655 186 1699 seo.
231 1634 312 1699 llaec
324 1634 417 1697 multo
438 1634 587 1718 copiosius
607 1635 731 1697 tractari
755 1644 878 1719 possunt
900 1644 931 1698 et
952 1635 1095 1709 bmatius,
1118 1635 1169 1698 sed
1193 1646 1226 1699 ut

120 1737 158 1800 ad
180 1748 349 1801 extremum
372 1747 403 1800 et
425 1757 483 1820 quo
512 1753 585 1821 opus
613 1747 660 1799 est
688 1737 762 1801 haec
789 1737 969 1821 perducatur
997 1736 1130 1821 quaestio
1159 1736 1226 1801 fieri

119 1860 208 1925 posse
229 1841 374 1924 despero,
397 1839 529 1904 maxime
558 1840 634 1924 quod
654 1840 693 1903 ad
714 1839 867 1923 gentilicia
899 1838 1019 1901 attinet.
1062 1837 1165 1922 Neque
1194 1839 1236 1903 iu

120 1941 284 2006 effecturus
304 1941 413 2005 fuisset
435 1940 474 2005 ls.
485 1941 624 2016 Vossius,
647 1941 698 2024 qui
719 1942 756 2005 ad
776 1941 848 2006 Mel.
873 1938 897 2003 l.
922 1940 956 2016 2,
980 1939 1011 2004 5.
1036 1941 1081 2005 sio
1094 1931 1225 2024 pronun·

121 2044 193 2118 eiat,
216 2044 252 2107 ab
273 2042 355 2107 Ariis
375 2043 506 2107 arianos
528 2044 733 2109 denominatos
755 2064 843 2119 esse,
865 2063 883 2107 a
907 2042 1023 2127 Sogdiis
1046 2042 1222 2126 Sogdianos,

119 2168 140 2211 a
160 2145 285 2211 bactriis
307 2139 492 2225 Bactrianos,
513 2145 676 2231 aDrangis
690 2145 890 2231 Drangianos,
913 2164 1006 2230 eaque
1028 2145 1149 2209 nomina
1162 2164 1224 2207 non

121 2249 262 2314 confundi
286 2248 344 2313 nisi
366 2249 402 2313 ab
426 2242 712 2335 oiyomypcpq'corc.
734 2312 737 2319 ,
756 2246 904 2311 Nimirum
933 2250 960 2311 si
988 2247 1127 2334 quidquid
1153 2268 1223 2310 con·

121 2364 169 2418 tra
188 2351 310 2417 venerit
330 2361 383 2416 aut
403 2351 593 2416 librariorum
615 2351 713 2416 errori
734 2350 908 2435 imputetur,
932 2371 1005 2434 quos
1034 2360 1148 2414 certum
1177 2358 1225 2414 est

119 2460 153 2520 in
175 2455 222 2520 bis
246 2454 505 2518 terminationibus
525 2475 615 2540 saepe
634 2454 811 2528 vacillasse,
839 2462 891 2515 aut
914 2453 1104 2517 scribentium
1127 2453 1225 2517 insei-

120 2547 261 2634 tiamne
285 2578 343 2640 qua
369 2567 484 2621 tantum
513 2557 599 2621 nobis
634 2557 779 2640 suspicari
807 2554 878 2618 licet
905 2565 1045 2638 quantum
1072 2554 1221 2630 volumus,

120 2673 174 2725 aut
202 2659 342 2725 licentiae
371 2671 546 2744 poetarum,
575 2681 662 2743 quam
689 2677 797 2723 severe
827 2657 953 2742 castigat
982 2651 1158 2744 Bernhardy
1186 2659 1223 2722 ad

120 2763 212 2828 Dion.
236 2785 265 2847 p.
288 2761 364 2828 759.
390 2774 421 2826 et
441 2760 516 2826 773.
548 2760 621 2825 nibil
643 2761 714 2837 erit,
738 2761 815 2845 qnod
836 2781 897 2824 non
922 2761 1046 2844 quadret
1066 2762 1103 2824 ad
1124 2782 1223 2825 amns-

119 2867 190 2931 sim.
235 2865 275 2928 Et
296 2875 378 2928 certe
401 2875 435 2928 ut
454 2865 496 2928 ita
525 2874 617 2942 esset,
640 2863 768 2948 optabile
797 2874 862 2928 erat
891 2885 952 2928 non
978 2865 1065 2928 modo
1093 2885 1223 2948 geogra-

119 2967 206 3054 phiae
229 2987 319 3031 eausa
340 2968 391 3031 sed
413 2964 636 3050 grammaticae,
660 2965 708 3028 cui
731 2975 816 3049 turpe
838 2977 885 3030 est
907 2966 1037 3042 nescire,
1059 2962 1233 3048 ΒοιώτιοςΙ

119 3066 206 3156 οἷοήρ
228 3069 262 3133 in
281 3079 387 3134 vetere
414 3069 555 3147 oraculo,
585 3078 727 3132 utrumne
756 3068 902 3151 adjective
930 3071 1045 3132 dicatur
1074 3079 1106 3132 ut
1135 3068 1228 3147 homo,

119 3191 263 3236 romanus
284 3191 323 3234 an
344 3172 531 3236 substantive
559 3180 593 3234 ut
619 3165 778 3258 βασιλεύς
798 3165 898 3256 αἰιξρ.
944 3171 1001 3234 Sed
1018 3174 1079 3254 jam
1102 3170 1230 3244 veniam,

97 3308 100 3313 ·
119 3276 158 3338 ad
172 3272 351 3358 appellativa
364 3275 523 3357 ordiarqne
544 3275 580 3336 ab
602 3273 654 3336 illo
668 3272 801 3347 nomine,
820 3274 895 3357 quod
909 3273 941 3336 in
953 3272 1101 3355 Apollonii
1117 3293 1220 3336 exem·

120 3377 178 3462 plis
200 3375 362 3439 secundum
384 3385 441 3440 est.
489 3375 561 3455 Quis
591 3386 710 3448 autem,
742 3394 830 3456 quum
862 3375 893 3437 in
916 3375 1045 3441 Orestae
1066 3375 1169 3458 Epigr.
1194 3374 1230 3458 1„

120 3479 229 3564 legerit
250 3471 329 3543 ούτι
348 3503 394 3563 με
415 3472 628 3562 παρθενικῆς
648 3475 762 3561 τέρπει
779 3467 889 3563 yoipooc
903 3463 981 3543 ούτε
995 3476 1142 3563 paoercia,
1160 3499 1220 3540 non

119 3581 255 3666 protinus
277 3579 427 3664 intelliget
448 3590 605 3663 utrumque
627 3596 681 3664 pro
704 3580 891 3644 substantivo
913 3599 981 3643 esse
1003 3580 1055 3642 sed
1074 3600 1135 3640 non
1153 3580 1221 3641 sub·

120 3683 309 3748 stantivum't
332 3682 396 3761 Qua
417 3682 453 3745 de
475 3703 509 3744 re
531 3701 570 3745 ne
591 3703 649 3766 qua
669 3682 802 3746 resideat
822 3681 977 3755 dubitatio,
1001 3682 1140 3764 expediet
1159 3701 1222 3744 me·

119 3786 244 3850 minisse
265 3785 420 3861 similium,
441 3775 580 3867 θήλειαι
604 3806 658 3869 pro
678 3797 838 3871 γυναῖκες
858 3794 890 3848 et
910 3783 1001 3870 φύλα
1019 3780 1222 3870 γυναικείων

120 3887 243 3974 Pbocyl.
265 3887 317 3950 Fr.
341 3884 419 3969 ll.⁷)
448 3879 630 3972 ὀρφανικύς
657 3909 712 3971 pro
737 3881 904 3974 ὀρφανός,
934 3879 1140 3960 decadonem
1166 3909 1221 3972 pro

188 4071 215 4136 7)
232 4071 349 4126 Γύναιον
366 4066 491 4124 Matthiae
504 4065 616 4124 Gramm.
636 4070 804 4127 deminutivis
822 4077 983 4139 adnumeret,
1002 4093 1109 4143 quornm
1125 4077 1223 4128 nullum

119 4143 186 4192 bone
200 4141 307 4194 t’ormnm
325 4142 417 4204 bobet3
435 4151 476 4192 est
493 4143 578 4209 petius
595 4150 717 4197 neutrum
733 4139 856 4212 adjectivi
879 4147 1071 4199 ademinutivo
1094 4147 1221 4211 significa-

119 4210 190 4261 tione
208 4227 330 4278 persaepe
348 4212 497 4264 discretum.

150 4295 260 4350 meoet.
279 4297 402 4366 Parclrp.
970 4311 1014 4376 20
