2792 4725
207 323 298 395 ate·
569 320 891 390 blssserarlo
921 321 970 390 ll.

208 505 265 581 δο,
295 495 421 594 χρύσεα
449 501 508 585 δοῖ,
536 524 598 568 nou
627 503 766 568 dubitabo
794 503 925 570 licenter
952 513 1124 589 corruptum
1152 505 1249 574 dicere
1269 510 1313 577 'ex

206 606 322 695 δῶμα,
351 609 429 692 quod
460 617 583 672 veteres
611 627 666 691 per
695 627 850 692 syncopen
879 606 1018 670 ellectum
1048 627 1116 670 esse
1138 621 1256 674 sumunt
1276 633 1314 679 cx

206 709 360 800 δόμημα,
382 711 435 773 sed
449 721 554 774 nostra
569 708 721 772 sententia
736 720 771 772 ut
791 703 908 794 δόμος,
930 699 1032 794 δομὴ,
1055 707 1171 795 δέμας,
1193 733 1210 776 a
1227 713 1310 799 δέμω

205 813 408 902 proficiscitur
429 812 495 877 sive
517 812 615 897 potius
638 832 656 874 a
677 808 782 897 δεῖμα
813 811 902 875 sicuti
925 810 1023 897 ιιιῦμα
1045 833 1064 876 a
1086 825 1210 898 κεῖμαι.
1252 815 1311 896 Quo

206 919 235 983 si
256 915 385 982 ulterius
407 913 547 999 progredi
568 913 754 994 verbumque
777 911 839 978 δέοι
863 913 1050 978 fundamenti
1064 915 1131 978 loco
1146 917 1311 982 substruere

205 1020 342 1086 volemus
371 1025 535 1101 praeeunte
563 1014 715 1100 llesycbio
743 1011 876 1101 Δεομός
904 1015 1022 1103 σῶμα,
1052 1013 1190 1105 μορφή,
1218 1029 1310 1083 tamen

196 1114 286 1187 'nulla
308 1119 438 1196 catria,
472 1139 530 1203 qua
552 1116 598 1184 dci
621 1116 692 1181 binc
715 1117 847 1182 derivari
869 1119 975 1202 possit.
1027 1117 1060 1182 ld
1089 1120 1183 1204 igitur
1204 1132 1311 1185 certum

103 1231 111 1260 ‘
201 1216 350 1310 apocopae
379 1221 551 1306 exemplum
578 1241 725 1295 numero,
758 1221 930 1304 pariterque
960 1217 1139 1308 δαιμόνιος
1167 1221 1226 1308 ἧλ,
1258 1244 1309 1307 quo

201 1325 365 1412 significari
385 1324 506 1388 videtur
534 1322 586 1386 ille
607 1313 842 1408 ἀδαμάντινος
863 1315 961 1408 ἧλος,
990 1347 1080 1410 quem
1102 1325 1225 1389 summis
1247 1346 1310 1390 ver·

203 1429 313 1494 ticibns
336 1427 401 1511 figit
424 1426 488 1489 dira
506 1426 685 1500 necessitas,
712 1446 746 1488 re
763 1445 838 1488 vera
857 1419 1049 1514 οἷπόκομμα
1072 1426 1230 1503 belardiae
1250 1447 1310 1491 esse

202 1532 335 1599 arbitror
356 1540 390 1592 ut
411 1519 460 1613 ψό
482 1549 535 1612 pro
557 1521 685 1613 ψόθος,
710 1528 736 1592 si
758 1549 865 1592 verum
887 1530 959 1594 dicit
980 1530 1119 1606 Pbotius,
1149 1541 1184 1594 ut
1204 1529 1309 1593 ludicra

201 1636 256 1700 illa
278 1632 416 1698 Palladac
434 1630 538 1715 Epigr.
555 1630 652 1693 XCII.
675 1630 750 1710 δῶ,
771 1629 848 1717 κνῆ,
870 1631 952 1721 νοοῖ,
975 1633 1172 1719 ηοοδιηοοιιο
1195 1632 1230 1694 ab
1245 1630 1309 1713 Epi·

199 1737 321 1803 charmo
343 1735 457 1799 comico
478 1733 681 1797 introductum
703 1735 807 1797 ierunt
827 1756 859 1798 v.
876 1734 982 1799 Suidas
1003 1729 1212 1822 s.’'Alprt⁴³).
1256 1732 1309 1796 Sed

200 1850 302 1905 cetera
337 1858 393 1901 cur
423 1847 577 1920 apctroeta
605 1837 762 1912 dicantur,
800 1837 912 1900 nullam
951 1858 1072 1902 causam
1111 1858 1181 1902 esse
1213 1834 1306 1900 video.

197 1942 333 2026 Namque
361 1933 409 2026 ὅψ
437 1940 474 2003 ad
503 1932 584 2023 ὄψις
612 1939 736 2002 eandem
763 1939 911 2004 rationem
943 1939 1031 2004 babet
1055 1962 1145 2025 quam
1167 1933 1257 2025 ἅμοξ
1276 1937 1309 2001 ad

198 2040 332 2132 ἅμοξις,
353 2040 416 2132 λίψ
439 2043 475 2107 ad
497 2042 626 2127 λεῖψις,
657 2061 693 2104 ac
715 2040 742 2104 si
764 2051 904 2106 auctores
926 2040 1014 2106 habet
1035 2044 1137 2108 minus
1164 2041 1307 2124 antiquos,

197 2148 329 2232 speciem
351 2155 434 2208 certe
457 2145 538 2230 gerit
557 2142 806 2227 simplicissimam
821 2153 909 2228 atque
924 2146 1178 2230 antiquissimam.
1212 2143 1310 2226 Neque

199 2251 235 2312 de
264 2250 377 2313 duabus
410 2247 538 2322 formis,
568 2240 652 2331 ἄλφι
676 2257 708 2309 οι
729 2240 893 2332 ἄλφιτον,
923 2247 1032 2332 ambigi
1061 2259 1166 2333 potest
1187 2259 1255 2312 utra
1275 2245 1311 2309 sit

197 2350 359 2417 vetustior.
406 2348 552 2413 Similiter
572 2370 591 2413 a
614 2346 734 2434 Μιόοη
761 2361 955 2435 propagatum
984 2350 1107 2417 videtur
1138 2343 1311 2437 Μεσσήνη,

197 2465 233 2518 ut
261 2474 281 2517 a
308 2450 440 2526 Λίοοος
466 2453 532 2517 sive
561 2449 676 2521 Λίσοα
714 2474 745 2515 v.
775 2452 889 2516 Hoeelt.
924 2454 966 2517 de'
990 2453 1082 2517 Creta
1118 2456 1156 2519 T.
1182 2455 1207 2518 Ι.
1238 2450 1308 2537 383.
1352 2520 1355 2539 Ι

154 2542 164 2558 “
197 2554 373 2642 europe
397 2554 497 2619 schol.
516 2555 624 2641 odyss.
643 2554 694 2617 111.
713 2552 788 2619 aaa.
813 2564 844 2618 ιι
864 2556 900 2617 an
922 2555 990 2620 ana
1012 2556 1160 2641 stirpibus
1172 2554 1310 2646 μιηιη,

195 2653 313 2747 εἰρήνη
336 2680 367 2723 v.
389 2657 472 2721 Suid.
497 2679 524 2721 s.
544 2653 679 2744 ’Υπηνη
701 2666 732 2719 et
754 2656 889 2741 Lennep.
916 2658 953 2721 ad
977 2657 1097 2723 Pbalar.
1119 2660 1213 2725 CVll.
1237 2655 1309 2725 308.

196 2757 299 2833 Aedui
322 2772 423 2825 autem
445 2782 507 2825 non
529 2759 649 2843 longius
671 2780 758 2844 quam
779 2751 927 2845 Δωδώνη
948 2761 1033 2826 abest
1059 2784 1079 2826 a
1105 2764 1232 2827 nomine
1260 2762 1311 2825 llu-

197 2868 242 2931 vii
264 2862 399 2945 Δολδοιν,
422 2865 501 2927 unde
522 2862 668 2948 appellata
689 2883 758 2927 esse
781 2862 890 2925 dicitur
910 2884 942 2927 v.
962 2862 1064 2948 Stepb.
1088 2866 1172 2929 sicut
1195 2864 1311 2951 Cyrene

197 2992 215 3035 a
239 2968 320 3056 Cyra
340 2969 437 3044 fonte,
461 2967 630 3052 Syracusae
653 2985 670 3028 a
694 2960 839 3050 Σορανολ
861 2975 967 3051 stagno
990 2987 1020 3030 v.
1040 2965 1180 3032 Goeller.
1205 2969 1241 3031 de
1257 2963 1311 3051 Sy·

197 3092 262 3137 rac.
293 3093 323 3156 p.
349 3068 404 3135 82.
456 3069 592 3150 Denique
619 3060 729 3148 Εἰδώ,
758 3064 867 3153 Ὺψιλ,
900 3062 1029 3155 Ἀφρολ,
1061 3062 1187 3159 Aequi,
1224 3087 1312 3133 nemo

196 3184 366 3260 propterea,
390 3171 467 3255 quod
487 3165 673 3257 Ὑψιπύλη,
694 3170 860 3258 Δωροθεά
883 3182 915 3235 et
936 3182 1037 3237 cetera
1053 3171 1313 3257 leguntursmiu·

196 3276 241 3341 ris
263 3273 480 3339 adnumerabit.
527 3273 584 3335 Sed
606 3272 760 3337 absolvam
780 3294 918 3357 pensum.

280 3377 315 3439 lb
343 3362 395 3458 ιῖψ
425 3378 483 3439 duo
514 3375 652 3440 novimus
680 3374 782 3439 avium
804 3377 938 3453 nomina,
966 3369 1039 3463 γύψ
1066 3370 1186 3441 Lubian
1209 3377 1246 3441 de
1263 3364 1309 3439 M.

69 3466 75 3473 ’
196 3480 321 3564 Peregr.
343 3479 371 3562 ἕ.
387 3476 440 3543 39.
465 3478 513 3541 eui
525 3476 684 3542 Atticistae
707 3473 864 3565 eiycntde
885 3480 1059 3563 praeierunt
1079 3502 1112 3543 v.
1129 3480 1218 3544 Suid.
1236 3501 1263 3543 s.
1280 3476 1312 3541 b.

196 3605 229 3648 v.
247 3581 362 3645 Anecd.
383 3580 479 3645 Bell.
496 3602 526 3664 p.
543 3578 618 3643 354.
643 3592 674 3644 et
695 3575 789 3670 ηρύψ
811 3581 922 3663 Athen.
939 3581 995 3645 XI.
1012 3580 1087 3646 496.
1105 3582 1142 3645 Ε.
1169 3582 1311 3666 lnscript.

196 3683 262 3749 Aac.
288 3683 385 3747 Class.
402 3679 441 3744 ll.
466 3703 498 3744 n.
524 3680 598 3747 139.
629 3684 679 3747 ubi
709 3694 756 3748 est
776 3684 973 3749 instrumenti
998 3684 1157 3749 domestici
1181 3706 1314 3759 nomen3

197 3785 316 3870 saepius
338 3798 413 3849 vero
435 3783 559 3866 obliqui,
581 3783 657 3848 falso
680 3784 855 3870 plerumque
876 3798 1015 3863 accentu,
1044 3786 1076 3850 in
1098 3807 1160 3868 quo
1185 3786 1315 3870 scripto·

108 3900 111 3905 ’
196 3908 247 3952 res
268 3888 349 3981 ipsos
371 3904 491 3949 errasse
513 3886 651 3971 exemplo
673 3900 720 3953 est
740 3888 905 3973 Gregorius
928 3888 1029 3954 Carm.
1047 3886 1161 3952 LXlll.
1186 3910 1219 3973 p.
1238 3886 1315 3953 151.

196 4032 405 4056 ——nnn--d

265 4126 311 4193 43)
328 4123 395 4177 llum
413 4124 481 4191 quod
499 4124 592 4178 Suidas
610 4127 686 4179 affert
714 4125 833 4196 Ἰορδκνη
849 4123 868 4195 ἦ
886 4109 1021 4196 μάχαιρα,
1039 4145 1073 4181 ex
1089 4130 1224 4196 ejusmodi
1243 4130 1316 4183 fonte

121 4282 133 4303 ·
196 4214 337 4282 profluxit?
362 4205 485 4280 Ὀμοιιλή
501 4219 528 4263 ct
543 4211 658 4283 ἐπίκλην
674 4216 707 4265 ad
725 4215 805 4268 alium
822 4215 907 4269 locum
924 4215 1064 4285 pertinent.
