2792 4725
186 284 261 355 570
539 278 858 349 ulssnntnrto
887 274 927 347 V.

187 487 257 555 pars
278 464 402 551 antiquo
423 482 481 529 usn
501 462 629 542 sancita,
652 462 793 547 pleraque
815 461 1032 527 deflorescente
1054 458 1182 527 Graecia
1197 483 1217 527 a
1234 483 1307 529 me·

179 570 283 650 uicis,
312 564 488 632 rhizntomis
518 564 703 649 aliarumque
724 566 834 629 artium
854 563 1037 628 antistitibus
1059 575 1200 649 recepta,
1223 587 1305 650 quo-

186 693 254 739 rum
276 668 421 733 rationem
446 666 556 732 nullam
579 668 692 733 ducunt
716 667 865 732 sermonis
885 665 989 751 graeci
1010 675 1181 731 exactores.
1228 666 1305 731 Alia

188 771 404 859 significantiae
439 791 527 835 causa
559 780 742 855 usurpantur
771 780 805 835 ut
830 761 1028 855 κυνάμυια,
1065 762 1303 856 πειθανάηκη,

189 874 358 961 δυςελένη,
374 868 620 961 κορωνικάβη,
642 882 696 935 aut
717 872 804 935 aliam
835 873 980 955 quandam
1008 883 1109 935 uotam
1141 872 1302 936 abnormis

188 976 318 1043 fictionis
345 996 416 1061 prae
444 996 478 1039 se
501 978 613 1039 lerunt.
668 974 733 1040 Nec
760 996 854 1061 pauca
880 973 1148 1039 Grammaticorum
1170 973 1303 1061 judiciis

193 1081 330 1145 damnata
346 1080 464 1165 jacent3
487 1098 562 1163 quae
584 1076 729 1144 hocloco
751 1077 879 1142 strictim
901 1096 1085 1161 percurram.

678 1266 707 1351 ε.
732 1263 786 1331 10.

273 1376 525 1473 Κυνυλαημός,
555 1387 631 1470 quod
660 1384 766 1450 Critici
795 1384 933 1450 nonnulli
959 1384 1093 1449 Homero
1123 1378 1299 1449 tribuerunt

188 1490 225 1555 ll.
249 1488 336 1553 XXI.
361 1486 435 1553 575.
472 1488 655 1553 scholiastae
687 1488 869 1553 Simonidem
900 1488 933 1552 in
965 1487 1134 1573 exemplum
1163 1488 1316 1551 transue-

189 1602 316 1657 uarraut
336 1591 387 1655 sed
409 1591 519 1654 factum
534 1592 719 1677 improbaut;
743 1588 960 1677 οτομαλίμνη
975 1590 1151 1655 Aristarcho
1172 1600 1299 1653 auctore

188 1706 294 1780 poetae
316 1704 481 1770 exemtum,
504 1714 602 1781 neque
623 1705 777 1779 acceptum
805 1704 854 1757 est
881 1677 1037 1778 κεραῗπες
1060 1688 1139 1759 άντί
1165 1692 1230 1774 τοῦ
1258 1696 1299 1761 έν

188 1810 261 1872 τοῖς
283 1782 419 1883 κέρασιν
440 1795 515 1871 ἶπες
538 1796 591 1860 00.
617 1794 706 1860 XXI.
729 1794 804 1861 395.
837 1795 894 1859 Pro
917 1790 1124 1883 α’φρόνιτρον
1150 1807 1183 1860 et
1215 1789 1298 1862 οάα-

186 1923 267 1989 ppos
284 1900 353 1985 quid
373 1898 466 1964 Attici
490 1898 683 1985 probaverint
704 1896 893 1983 Phrynichus
914 1898 1001 1963 docet
1022 1900 1183 1981 eademque
1204 1918 1299 1982 opera

188 2004 341 2088 ingentem
365 2013 515 2065 catervam
538 2000 690 2065 nominum
721 2000 861 2064 similiter
883 2002 1111 2085 compositorum
1142 2000 1300 2087 proculcat

188 2116 220 2170 et
236 2104 367 2191 jugulat.
412 2100 586 2167 Eustathius
607 2125 637 2188 p.
660 2102 755 2179 1944,
779 2101 810 2165 7.
834 2099 861 2190 ἤ
881 2100 982 2191 άηρία
1004 2106 1115 2178 έλαιος
1133 2100 1219 2170 κατά
1231 2103 1297 2191 Αἴ-

187 2208 263 2275 λιον
281 2201 465 2277 Διονύσιον
485 2207 572 2285 (adde
595 2200 742 2290 κότινος)
763 2204 821 2273 καί
849 2201 912 2272 οὐκ
939 2202 1139 2293 ἀγριέλαιος.
1183 2204 1298 2269 Moeris

187 2308 404 2396 Μελίκρατον
427 2304 580 2390 ω’ττικάς,
604 2306 754 2396 οἰνόμελι
774 2307 829 2376 καλ
847 2303 1006 2395 ὐδρὸμελι
1021 2307 1216 2396 ἑλληνικῶς,
1237 2330 1300 2402 quo

190 2416 286 2480 edicto
309 2405 491 2500 ἰλαιόμελι.
513 2406 729 2499 ὄμφακέμελι
753 2422 785 2476 ot
805 2423 906 2477 cetera
928 2411 1118 2497 rejiciuntur.
1164 2411 1299 2477 Galenus

190 2517 227 2581 dc
250 2517 337 2580 Succ.
362 2517 445 2601 prob.
470 2514 523 2578 IV.
547 2512 623 2580 779.
646 2513 682 2578 T.
694 2514 748 2580 vl.
771 2517 861 2590 τινές
881 2513 951 2581 τοῖν
975 2513 1149 2598 νεωτέρων
1167 2513 1297 2600 ἰατράν

191 2623 229 2685 ἰν
246 2615 401 2706 ουνθέτῳ
426 2613 630 2706 προςηηορίᾳ
655 2613 964 2706 φοινικοβαλάνους
984 2610 1213 2704 ὀνομάζουσιν
1231 2614 1298 2686 αὐ-

188 2715 281 2796 τούς·
307 2725 340 2787 οἱ
362 2719 396 2786 (lb
415 2721 554 2788 παλαιοί
570 2715 732 2808 Ἕλληνες
752 2719 918 2808 φοινίκων
939 2712 1125 2807 βαλάνους.
1168 2722 1298 2808 Anony-

189 2846 255 2889 mus
278 2825 314 2890 de
336 2823 514 2888 barbarism.
546 2823 578 2887 iu
599 2823 714 2888 Auecd.
738 2823 876 2888 Boisson.
907 2823 943 2889 Τ.
969 2823 1020 2888 lll.
1043 2804 1119 2890 239.
1151 2825 1229 2911 περί
1249 2817 1297 2892 τά

190 2922 346 3018 σχήματα
367 2925 610 3008 οολοικίζουοιν
630 2931 663 2993 οἰ
677 2925 839 3014 λέγοντες
858 2916 1017 3016 ὄναηρον.
1068 2925 1122 2994 Τά
1135 2924 1199 3015 γάρ
1217 2922 1298 2995 σάν-

186 3039 277 3100 neco
298 3034 334 3096 ἐκ
352 3027 540 3115 διαιρέσεως
553 3029 783 3116 προφέρονται
794 3025 952 3098 Ἁττικοέ.
996 3029 1147 3094 Lucienus
1162 3030 1294 3116 Lexiph.

188 3134 274 3220 §.fh
298 3124 477 3219 όρθοπάλη
497 3132 701 3219 reprehendit,
724 3133 819 3216 quod,
842 3143 875 3197 ut
896 3123 1172 3218 άνακλινοπάλη,
1196 3153 1296 3198 ucu-

188 3237 335 3301 satiouem
361 3236 449 3301 hahet
471 3246 609 3320 tauquam
627 3235 807 3315 1vocabulum
832 3234 919 3310 artis,
942 3235 1073 3318 antiquis
1095 3246 1195 3298 tamen
1220 3250 1299 3301 neu·

188 3349 268 3402 trum
297 3339 438 3403 usitatum
469 3360 504 3403 ac
537 3361 591 3424 pro
621 3325 672 3414 illo
705 3333 795 3424 ὀρθή
823 3331 915 3424 πάλη
945 3339 1054 3402 (lictum
1084 3348 1142 3402 est.
1188 3338 1296 3402 Suidas

184 3435 317 3528 ’Ἁμηό
348 3437 449 3528 ἡμεῖς
475 3435 640 3528 πυράμην
663 3436 725 3507 οὐκ
750 3435 873 3526 ὀρθῶς.
925 3441 1033 3504 Pollux
1054 3439 1078 3504 l.
1106 3437 1178 3504 103.
1203 3442 1297 3526 εἴρη-

188 3544 311 3612 ταικαί
333 3531 516 3633 ἰοτιοκάπη
535 3544 635 3610 πλεῖν
654 3540 739 3611 άλλά
762 3543 899 3633 βέλτιον
918 3540 1053 3630 εἰρεσίᾳ,
1076 3543 1112 3606 de
1135 3543 1296 3626 nunidem

187 3646 289 3722 valet3
311 3666 368 3709 uec
390 3646 499 3710 similia
521 3638 675 3735 οἰνοχόη,
704 3646 886 3735 ηυιοπέδη,
916 3668 936 3712 a
956 3647 1108 3710 veteribus
1132 3645 1296 3721 declinata,

188 3748 237 3832 qui
260 3748 333 3812 haec
358 3748 625 3812 instrumentorum
646 3750 766 3812 uomina
782 3751 939 3814 immutare
954 3770 1013 3813 non
1027 3759 1201 3833 potueruut,
1224 3769 1295 3811 uam

186 3847 382 3936 οἰιίροῤῥοΐα,
404 3848 581 3937 ηυιοπειίία
609 3850 699 3918 alium
722 3853 867 3918 haherent
887 3851 1071 3916 intellectum
1094 3848 1295 3915 relectionis

187 3961 222 4015 ut
243 3951 446 4042 αἰμορροἰα,
476 3951 527 4015 vel
554 3953 612 4016 loci
641 3964 675 4018 ut
695 3953 922 4045 μιλτωρυχία,
945 3945 1144 4038 λεωπετρέα,
1164 3954 1240 4037 quod
1263 3962 1296 4016 et

184 4055 356 4142 λεωπέτρα
378 4055 520 4121 scribitur
543 4077 576 4121 v.
600 4055 787 4144 Wesscliug.
815 4060 851 4122 ad
874 4057 960 4120 nico.
984 4055 1036 4120 lll.
1062 4053 1115 4136 15,
1140 4053 1216 4120 490.
1239 4057 1295 4143 ῥι·

177 4154 343 4250 Ιζωννηιά.
397 4159 455 4225 Sed
486 4179 561 4246 quae
589 4157 667 4225 hanc
695 4158 923 4227 excusationem
954 4181 1015 4226 uon
1043 4159 1175 4236 habent,
1203 4175 1294 4244 aegre
