2792 4725
125 317 218 388 „scu
493 311 821 380 blssrcurnrlu
843 311 908 379 lll.

115 503 237 573 ,urae
260 519 290 583 p.
314 495 370 572 95,
392 493 425 560 6.
470 493 515 558 lle
538 515 650 578 genere
660 495 749 613 “quod
772 494 898 558 affirmat
918 489 1102 555 Theodosius
1118 485 1252 555 Gramm.

148 625 180 689 p.
204 598 280 676 103,
304 599 381 663 15.
372 602 452 673 wls
475 623 517 683 αρ
547 594 609 686 οὐχ
637 593 775 683 εὕρηται
804 588 956 716 13]ρό3’ν
936 617 1050 680 ονομα
1076 583 1258 682 αρσενικόν

145 697 329 790 illaqueatio,
351 722 458 765 verum
480 711 539 776 est,
563 702 589 764 si
610 700 794 784 intelligitur
811 691 928 785 μόνως
946 693 1136 783 concuretio.
1179 695 1255 760 Nam

146 806 300 892 gentilicia
320 808 354 869 oi
378 799 530 888 Τάλαρες
552 803 650 866 Strab.
674 802 730 865 lx.
755 800 830 866 433.
863 806 897 868 ol
917 801 1036 886 Μᾶρες
1057 799 1159 884 Steph.
1190 799 1256 882 plu·

145 910 223 974 ralia
243 917 356 971 tantum
379 916 503 970 suntet
527 905 698 990 peregrina,
723 905 802 968 sicut
823 903 944 968 nomina
966 902 1137 973 fluviorum.
1161 893 1255 986 Nu'p,

146 1004 267 1095 Αὖσαρ
290 1009 427 1092 (Aeser),
446 1007 575 1093 Σίααρ,
599 1002 723 1096 Ἆραρ,
752 1009 827 1092 quod
850 1003 1046 1070 masculinum
1069 1025 1137 1068 esse
1160 1003 1257 1068 Herc·

148 1114 253 1177 dianus
280 1137 319 1178 ca.
345 1114 440 1177 Mor.
466 1133 494 1195 p.
518 1109 572 1174 30.
597 1111 769 1195 comprobat
790 1109 889 1173 dativo
912 1105 1088 1170 heteroclito
1109 1099 1252 1193 Ἁραῖρῳ.

149 1214 377 1283 Cboeroboscus
405 1214 437 1276 in
464 1213 579 1277 Anccd.
607 1212 703 1276 Behk.
727 1234 756 1296 p.
781 1209 874 1277 1322.
897 1211 926 1272 b.
944 1203 1070 1294 ”Aucu,
1094 1199 1255 1294 Ἅναρος,

149 1313 322 1389 Γαλατίας
340 1310 507 1400 ποταμός,
534 1337 552 1378 3
574 1335 631 1398 quc
653 1315 724 1378 urbs
747 1313 882 1377 Galatiae
902 1303 1050 1397 ’Ἀναρος
1071 1331 1181 1375 nomen
1202 1329 1256 1374 ae-

150 1418 239 1502 cepit.
286 1418 330 1480 lle
351 1418 442 1501 piscis
471 1417 590 1482 nomine
623 1419 719 1501 ἴκταρ
748 1415 812 1478 sive
843 1421 940 1502 ἴκταρ
956 1415 1068 1478 Athen.
1090 1412 1156 1477 Vll.
1180 1411 1254 1479 329.

149 1519 327 1584 Eustathius
348 1541 378 1603 p.
404 1518 499 1595 1936,
524 1518 575 1583 15.
600 1519 714 1582 dubitat
736 1517 932 1581 masculinum
958 1515 1057 1580 sitan
1078 1517 1255 1580 femininum

149 1643 189 1686 an
210 1631 369 1696 neutrum,
400 1623 452 1684 sed
480 1621 600 1686 videtur
627 1619 824 1684 masculinum
855 1640 923 1684 esse
949 1629 983 1682 ut
1008 1620 1107 1695 calor,
1131 1618 1200 1704 quia
1222 1627 1255 1681 ut

150 1726 215 1810 ipsc
236 1723 320 1798 dicit,
342 1715 560 1811 ἤβαζᾶατιος
578 1719 794 1810 παραφθοριὶ
807 1716 932 1807 ccciccc
944 1717 988 1788 cci
1002 1722 1145 1788 τοιαῦτα
1158 1720 1255 1810 λέγει,

150 1848 204 1913 pro
227 1829 365 1912 ἴκταρας
384 1837 474 1910 puto;
497 1837 530 1890 et
549 1829 626 1910 qnod
648 1826 817 1913 Hesychius
839 1826 936 1890 refert
956 1820 1079 1910 chioc
1101 1815 1203 1912 ἰχθύς
1225 1833 1256 1886 et

152 1925 286 2014 Ἰκαάρα
307 1933 457 2014 (ἴκταρα)
479 1921 592 2018 ἰχθύς,
612 1930 742 1992 fortasse
763 1928 954 1992 accusativus
975 1927 1073 2012 potius
1090 1937 1149 2000 est,
1169 1945 1257 2013 quam

151 2043 186 2097 ut
206 2031 511 2122 Schweighaeuscrus
541 2033 679 2116 putavit,
717 2030 919 2094 nominativus
948 2029 986 2092 cf.
1018 2027 1193 2093 Schneider.
1219 2028 1262 2092 33.

151 2133 278 2199 Aristot.
303 2133 339 2196 Τ.
365 2133 416 2198 Hl.
440 2131 515 2197 464.
539 2133 613 2195 illud
634 2154 726 2211 vcro,
755 2132 831 2216 quod
861 2141 981 2196 veteres
1003 2127 1189 2215 Hippocratis
1209 2131 1257 2193 in·
1309 2157 1310 2162 ¹

154 2247 302 2319 terpreles
324 2235 473 2311 afferunt,
497 2236 593 2320 ἴκταρ
614 2230 653 2300 cci
683 2234 745 2320 τῆς
767 2233 927 2322 γυναικὸς
947 2233 1092 2315 3333133,
1119 2234 1255 2319 jamdiu

152 2338 288 2401 evanuit.
331 2336 395 2402 Nec
414 2338 487 2402 satis
509 2337 675 2421 explorate,
696 2357 772 2422 quac
795 2337 898 2401 Suidas
919 2337 1069 2402 incertum
1089 2337 1167 2401 unde
1183 2357 1255 2401 eno-

83 2444 88 2451 “
154 2441 231 2504 tavit
252 2439 382 2525 Νῶκαρ
415 2437 433 2505 ὁ
456 2439 655 2524 δυσκίνητος
675 2450 707 2503 et
724 2439 864 2525 Μώμαρ
894 2438 1062 2527 ὁμώρος,
1091 2450 1125 2502 ut
1148 2440 1257 2503 Festus

153 2542 198 2604 uit
216 2541 345 2606 Momor
365 2540 465 2604 Siculi
482 2544 612 2605 stultum
642 2554 773 2617 vocant,
805 2538 991 2606 substantiva
1020 2564 1087 2606 osse
1114 2542 1258 2605 videntur

152 2645 274 2728 generis
303 2642 451 2717 neutrius,
482 2643 580 2725 qualia
600 2644 633 2707 in
654 2645 783 2708 Dissert.
814 2646 853 2711 V.
886 2646 913 2728 §.
938 2644 971 2709 3.
995 2644 1082 2708 attuli
1112 2641 1257 2731 φθόρος,

151 2740 307 2831 ὄλεθρος,
337 2746 480 2835 ἔλεγχος,
509 2740 651 2822 ὄνειδος,
673 2746 791 2823 scelus,
814 2748 851 2810 ab
873 2747 1040 2811 actionibus
1062 2748 1099 2811 ad
1120 2747 1255 2810 homines

154 2847 317 2926 translata,
350 2869 447 2932 neque
475 2849 565 2923 aliter
585 2848 773 2933 accipiuntur
799 2849 939 2913 aSchol.
963 2849 1037 2933 Lyn.
1062 2848 1158 2913 1134.
1180 2846 1256 2935 pooi-

150 2974 223 3037 ,ααρ
247 2946 291 3023 oie
309 2950 415 3036 εἶδαρ,
440 2946 566 3038 αλκαρ,
589 2952 695 3039 εἶλαρ,
719 2951 886 3037 Hesychius
913 2951 1050 3037 Μὺμαρ
1071 2950 1201 3049 αἶσχος,
1223 2960 1255 3014 ct

136 3053 256 3142 'thm
280 3054 322 3117 31.
345 3052 423 3132 491,
446 3054 501 3119 35.
522 3046 899 3153 liyecHouieucoc,“
879 3079 932 3122 οτι
955 3078 996 3120 αα
990 3051 1067 3127 ele
1090 3078 1131 3177 αρ
1159 3049 1255 3121 οὐδέ

151 3179 232 3241 τερα
261 3156 526 3245 παραληγόμενα
559 3157 604 3223 coi
635 3183 659 3222 α
694 3150 815 3223 cnloco
840 3161 920 3231 εἰσι,
946 3158 1088 3276 ,ααῖμαρμ
1105 3182 1122 3223 o
1114 3154 1255 3246 μέγας

152 3224 839 3351 (83313333333333333μώρ133),33333ρή
868 3258 1021 3347 στέρησις
1046 3259 1107 3346 τῆς
1133 3259 1256 3348 ψυχῆς,
1262 3253 1264 3258 ’

153 3359 348 3444 compositum
369 3364 486 3428 scilicet
507 3384 548 3427 cx
568 3362 651 3437 roric
673 3372 705 3427 et
725 3357 838 3448 κάρος,
862 3364 915 3425 sed
939 3364 1059 3428 videtur
1082 3362 1180 3447 potius
1204 3383 1254 3427 cu·

153 3453 275 3547 gnatum
291 3484 361 3529 csso
375 3487 441 3529 curn
455 3460 613 3555 ααχελής.
657 3464 702 3527 Au
715 3464 793 3527 idem
815 3484 911 3548 genus
932 3466 1188 3531 substantivorum
1201 3459 1255 3529 ¹re-

151 3566 305 3630 ferendam
326 3579 398 3651 puto
420 3568 528 3633 Suidne
550 3568 680 3652 glossam
701 3564 838 3653 Καίσαρ
857 3564 876 3632 ό
892 3560 988 3654 ξύρος
1013 3569 1103 3632 scrib.
1126 3558 1258 3655 ὁξηρός

152 3678 188 3731 nt
207 3667 355 3746 Zonaras,
377 3669 408 3732 id
429 3679 477 3732 est
497 3669 615 3745 vietus,
638 3668 802 3746 exoletus,
825 3667 1142 3759 αατερρασαμέαος,
1166 3690 1255 3754 quern

153 3768 269 3854 Sopbro
289 3771 390 3856 Etym.
413 3771 456 3834 31.
481 3768 556 3849 737,
580 3772 613 3835 1.
636 3763 769 3847 &cclcc
791 3783 880 3836 vocat
902 3783 933 3839 et
952 3772 1105 3859 αὐφαρῖ)
1124 3774 1257 3837 acerbo

98 3927 103 3942 ⁸
153 3930 220 3992 ld'crn
238 3944 287 3996 est,
307 3938 373 4003 quod
391 3939 458 4005 apud
475 3937 666 4003 Theognostun
682 3941 808 3991 scribitur
825 3942 929 4004 πέπαρ,
949 3939 1060 3990 fortasse
1077 3954 1124 4004 pro
1140 3933 1254 4006 ακέπαρ.

154 4016 227 4085 Quod
244 4020 388 4091 Hesychius
405 4024 481 4076 ullert
493 4009 601 4092 'ulnae
615 4022 708 4096 πατήρ
725 4033 771 4079 καὶ
784 4020 891 4094 πατρδσ
907 4015 1010 4093 πατήρ,
1029 4024 1175 4091 compendio
1192 4024 1257 4074 sori-

152 4114 245 4174 pturno
263 4124 296 4159 ex
312 4108 467 4179 upanoloop
485 4118 635 4177 corruptum
651 4118 756 4179 putant.

165 4253 172 4258 ,
219 4193 249 4258 3)
264 4189 377 4249 Ῥιανδα
396 4192 485 4267 αῧφαρ
503 4196 607 4249 Gallim.
631 4198 677 4249 Fr.
695 4197 791 4251 XLIX.
817 4196 927 4249 latinu
950 4196 1045 4263 subm,
1063 4196 1130 4265 quod
1146 4196 1257 4261 vulgos
