2792 4725
302 245 551 361 os'uoum.
580 289 750 359 nouos.
781 293 817 358 c.
839 291 904 358 111.
934 293 1015 378 ps.
1151 291 1220 359 aaa
1353 295 1356 300 ·

107 471 209 560 στής,
229 469 249 540 d
270 464 447 560 ἱππηλάτα
469 484 505 539 ut
522 464 740 560 ἐληλάμεαος,
762 495 798 538 ac
820 473 973 539 siveram
996 484 1044 538 est
1064 494 1151 540 casus
1164 473 1219 539 ho·

106 577 271 662 mophones
293 578 414 642 eosdem
427 577 605 641 homotonos
619 596 700 654 esse,
721 598 763 642 en
779 578 919 642 vocativo
941 567 966 644 ὦ
984 573 1109 665 ἐργὰτα
1122 577 1215 643 ΑιιιΙι.

105 680 172 745 Pal.
197 680 264 744 Vll.
287 702 320 744 n.
343 678 420 747 209.
442 680 580 765 sequitur
599 679 817 743 nominativum
844 680 938 744 luisse
960 675 1137 768 ddpyolcc,
1162 701 1219 744 nec

107 783 301 848 dubitandum
330 783 402 868 quin
431 772 575 870 α’λεααής
594 793 639 847 ἀι
675 777 826 868 αἱαασαής
856 783 959 869 Etym.
988 783 1031 847 hl.
1062 781 1139 860 781,
1162 781 1216 848 54.

104 885 247 970 Apollon.
272 887 309 951 de
329 886 407 951 Adv.
429 885 546 971 patu.
570 886 730 952 siacolice
751 895 823 952 sunt
840 884 998 970 appellata,
1021 886 1137 950 extrito
1157 885 1219 970 sig-

105 1010 157 1052 ma
178 985 334 1055 accentum
361 987 395 1052 in
422 990 587 1073 penultima
613 989 786 1074 acceperint
806 1000 841 1053 ut
864 983 1086 1076 timpdclopncc
1105 973 1219 1068 cod-d,

105 1092 208 1157 Schol.
230 1092 266 1158 ll.
286 1093 335 1160 A.
359 1089 434 1156 508.
480 1093 512 1156 Si
528 1094 681 1180 quisvero
701 1102 838 1176 quaerat,
862 1113 955 1176 qutarc
969 1087 1134 1178 α’κάκητα,
1159 1085 1218 1160 stl-

103 1191 231 1283 po'orco‚
253 1190 487 1281 ὀρσοτρίαιαα,
509 1197 660 1261 scribatur
680 1207 786 1260 contra
814 1195 969 1280 vulgarem
989 1194 1025 1260 de
1048 1195 1218 1260 homotonia

104 1300 195 1386 primi
217 1309 249 1363 et
270 1298 365 1383 qunti
385 1319 473 1385 casus
494 1299 648 1386 regulam,
682 1298 819 1384 equidem
848 1297 924 1361 nihil
953 1297 1047 1362 habeo
1070 1299 1148 1384 quod
1169 1319 1218 1364 re·

103 1403 267 1486 spondeam
285 1400 344 1466 nisi
362 1401 416 1466 illa
436 1402 590 1490 idionyma
612 1423 679 1468 esse
701 1414 736 1468 ut
757 1396 1020 1490 αἠλαοτρίαινα,
1042 1395 1219 1489 adepturae

103 1504 186 1592 apud
207 1504 379 1581 Pindarum,
403 1504 571 1592 similiaque
590 1506 719 1591 propriis
749 1501 767 1572 o‘
791 1497 976 1584 Kdmcrvc,
1004 1496 1216 1592 ὁΜύριλλα.

102 1606 182 1674 Nam
202 1608 279 1692 qnod
299 1607 447 1672 Hesiodus
470 1609 548 1674 dixit
566 1603 723 1696 αἀάαητα
738 1607 938 1695 Προμηθεῦ
961 1606 1017 1671 Th.
1041 1604 1117 1671 614.
1142 1606 1218 1671 nihil

103 1712 143 1778 ad
165 1711 326 1775 flomerum
346 1711 488 1795 pertinet.
528 1712 587 1776 Sed
607 1734 662 1776 cur
681 1711 926 1799 νεφεληγερέτα
947 1710 1113 1774 scribitur?
1144 1709 1219 1773 For·

102 1826 188 1880 tasse
210 1814 247 1877 ob
270 1813 494 1891 characterem,
518 1813 574 1878 hoc
602 1825 651 1880 est
671 1814 741 1900 quia
766 1814 902 1879 verbalia
921 1814 956 1877 in
974 1797 1055 1899 ἐἰη-ς
1074 1812 1219 1877 exeuntia

102 1916 277 1983 vocativum
297 1916 408 1981 hahent
430 1927 669 2004 paroxytunum,
704 1911 731 1984 oi
758 1912 901 2006 α’ρχέτα,
922 1911 1046 2003 ηἠέτα,
1067 1911 1217 2002 ὑπερμι-

103 2020 205 2100 αέτα,
229 2018 469 2109 ηιγαατολέτα,
490 2019 672 2098 τοξαλκέτα
691 2032 751 2085 etc.
797 2021 837 2084 Et
855 2010 1079 2106 Ἀργειφόντα
1099 2039 1217 2103 quoqne

103 2124 250 2188 scribitur
278 2134 314 2187 ut
342 2112 544 2209 συκοφάντα
564 2123 650 2188 Hom.
676 2125 714 2189 ll.
744 2124 777 2188 in
800 2123 888 2188 Vest.
913 2121 1034 2186 XXIX.
1054 2120 1206 2206 uurph.

102 2226 144 2291 ld.
163 2225 307 2292 XXVlll.
337 2225 371 2291 3.

190 2450 245 2516 His
264 2450 400 2515 omnibus
423 2451 614 2517 manifestum
634 2452 680 2529 lit,
702 2458 824 2517 veteres
845 2448 1088 2535 metaplastorum
1108 2469 1218 2513 nomen

102 2554 137 2618 in
158 2554 304 2618 vocabula
329 2553 494 2619 contulisse
517 2554 735 2631 diversissima,
760 2576 835 2639 quae
854 2573 910 2617 nos
928 2554 1035 2637 partim
1057 2552 1219 2618 heterocli-

103 2656 146 2721 tis
174 2666 206 2720 et
234 2656 467 2741 heterogenesin
495 2656 708 2734 attribuimus,
744 2657 851 2744 partim
880 2656 1020 2741 acephala
1042 2657 1166 2721 dicimus
1185 2667 1220 2723 ut

103 2780 125 2823 a
150 2757 344 2823 nominativis
372 2758 573 2824 ineffabilibus
601 2769 656 2824 aut
686 2761 725 2825 ad
756 2760 904 2824 effandum
937 2759 1037 2825 minus
1068 2761 1218 2845 expeditis

102 2873 173 2926 orta
193 2884 225 2927 v.
250 2862 279 2945 ἓ.
299 2862 333 2929 2.
357 2860 390 2927 3.
435 2863 515 2940 Alia,
539 2884 665 2947 quorum
686 2864 889 2927 nominativus
912 2882 973 2926 non
995 2874 1083 2929 extat
1100 2864 1218 2948 quidem

101 2966 157 3029 sed
179 2964 253 3050 lingi
274 2975 375 3031 tamen
395 2976 514 3051 potest,
545 2965 621 3030 nulli
649 2978 734 3031 certo
763 2966 870 3051 generi
890 2966 1039 3050 adscripta
1061 2965 1216 3031 habemus.

102 3067 219 3147 Quibus
247 3068 384 3133 omnibus
411 3069 518 3134 demtis
547 3090 696 3153 perpauca
730 3070 942 3154 relinquuntur
970 3090 1094 3133 casuum
1124 3080 1218 3133 meta·

100 3170 269 3255 plastorum
291 3171 447 3256 exempla,
470 3172 497 3238 si
519 3172 636 3258 quidem
659 3171 716 3235 hoc
738 3193 847 3236 nomen
867 3172 905 3236 iis
926 3193 1138 3250 reservamus,
1167 3172 1219 3256 qui
1280 3210 1283 3222 ·

102 3273 172 3338 sine
194 3273 257 3338 ulla
278 3274 460 3341 observabili
481 3275 599 3340 ratione
625 3296 645 3339 a
666 3274 868 3339 declinatione
891 3297 947 3340 sua
969 3274 1164 3340 desciverunt
1184 3286 1219 3339 ut

101 3372 280 3469 αἴλίτροχα,
302 3380 455 3449 rodoalus.
500 3381 585 3444 Hanc
601 3390 702 3443 autem
724 3378 930 3462 quaestionem
952 3378 1137 3443 instituimus
1156 3379 1218 3464 pri-

101 3472 199 3559 mhm,
224 3494 260 3547 ut
280 3504 355 3568 quae
375 3504 395 3547 a
415 3482 625 3548 Grammaticis
654 3483 801 3547 inunum
824 3493 989 3559 uomenet
1011 3504 1119 3567 corpus
1142 3504 1217 3547 con-

101 3584 173 3649 fusa
191 3597 275 3663 sunt,
299 3586 553 3673 distingueremus
580 3585 771 3667 accuratius3
801 3596 865 3650 tum
892 3584 982 3649 etiam
1004 3586 1040 3649 ob
1060 3566 1125 3651 ealn
1147 3609 1218 3652 cau·

102 3706 180 3763 sam,
205 3688 290 3772 quia,
307 3711 383 3774 quae
404 3689 450 3755 illi
471 3690 655 3775 metaplastis
677 3691 887 3765 adnumerant,
912 3680 1032 3777 scalpo,
1054 3672 1215 3777 olpcl’btc.

103 3788 179 3853 haec
200 3790 266 3876 ipsa
287 3792 374 3857 nobis
392 3794 617 3860 vetustissimae
640 3803 672 3858 et
692 3792 930 3876 simplicissimae
953 3794 1107 3858 nominum
1122 3795 1218 3860 lictio·

103 3892 153 3956 nis
174 3894 327 3978 specimen
346 3900 501 3983 praebent,
526 3916 602 3982 quae
617 3896 779 3960 verborum
801 3898 943 3981 stirpibus
962 3898 1037 3964 nihil
1056 3899 1216 3986 quidquam

101 3996 185 4060 addit
208 4010 330 4083 praeter
351 4001 459 4087 sigma,
481 4011 517 4066 ut
537 4000 581 4065 ita
602 3998 710 4078 dicam,
733 3999 936 4068 formativum.
1026 4056 1034 4073 .

545 4152 771 4174 *⁶-
