2792 4725
95 184 102 221 l

297 308 359 377 oo
387 307 584 376 reancc.
611 263 815 374 eureos.
844 309 876 392 s.
899 306 932 374 ι.
1122 309 1173 381 os

95 494 144 561 lloc
161 487 304 577 τεμέιιοο
324 490 411 575 attigi
432 488 471 557 cd
487 488 541 575 Aj.
564 508 596 573 p.
616 485 691 555 129.
713 486 863 572 aliamque
882 488 1083 573 eorreptioms
1103 511 1178 591 osu:

95 618 145 663 sam
168 594 264 671 anuli,
299 614 397 679 neque
414 591 548 661 omnino
576 589 731 656 veteribus
757 589 900 675 religioni
918 590 984 667 ,tait
1009 592 1129 659 literam
1156 620 1175 663 a

94 698 205 765 melorius
223 707 381 781 repetere,
407 693 625 781 ἐπιγεγέιιητο
648 692 784 780 Thucyd.
809 692 888 757 Vlll.
911 692 973 771 96,
995 694 1029 761 2.
1051 692 1177 767 ἄπετε-

93 801 204 869 addesco
224 798 274 863 lV.
298 797 354 864 96.
384 796 615 865 ἐπετετέλεστο
637 794 779 880 Xenoph.
804 796 882 860 Hell.
908 796 948 862 V.
971 796 1012 875 3,
1033 797 1089 864 25.
1119 804 1177 868 λιι-

92 901 306 989 τετελεομένον
326 902 415 965 Pauo.
433 899 471 964 V.
493 899 546 975 11,
565 898 600 963 4.
624 896 887 965 ἐπιτετελεκέιοιι
902 898 1011 965 Jamhl.
1028 901 1067 967 V.
1083 903 1174 990 Pyth.

91 1004 140 1082 28,
162 1004 231 1071 286.
259 1001 464 1071 διατετέλεκε
489 1000 632 1066 Aeschin.
659 1001 730 1065 fals.
754 1000 815 1085 leg.
840 1000 914 1067 193.
945 1002 1063 1088 alioque
1086 1027 1178 1092 supra

91 1108 193 1173 alata'
184 1129 214 1172 ιιι
231 1105 311 1171 Ado.
334 1107 363 1190 §-
381 1105 416 1172 2.
437 1098 555 1173 Ιλίειο
576 1114 689 1182 summ,
713 1104 790 1187 quod
807 1103 986 1169 Eustathius
1004 1106 1042 1169 ab
1057 1100 1178 1185 Ἰλιιιλς
1237 1084 1242 1104 ’

89 1210 192 1305 repetit,
213 1210 348 1293 seqnitur
368 1219 472 1294 typum
494 1206 712 1271 temenicorum
734 1216 766 1271 et
783 1206 1023 1291 possessivorum
1044 1212 1178 1277 anomi-

90 1312 189 1377 uihus'
180 1334 211 1376 ιιι
231 1335 281 1386 coe
304 1311 472 1385 ductorum,
494 1304 723 1394 Ἀοιληιιίειοι,
741 1301 901 1389 Ἰολάεια,
918 1302 1178 1399 Ἀμφιοράειον,

89 1426 220 1500 doumque
239 1416 324 1480 illam
345 1411 493 1477 rationem
518 1410 756 1475 commenticiam
780 1432 849 1475 esse
872 1411 1022 1495 arbitron
1055 1436 1125 1481 uam
1145 1428 1179 1484 et

90 1520 183 1603 duplex
207 1544 228 1605 η
254 1516 375 1601 saepius
405 1514 559 1579 concurrit
587 1506 673 1600 ἤην,
699 1505 785 1601 ἠήρ,
811 1505 961 1600 mdc,
988 1509 1120 1604 νηήσας
1139 1513 1179 1589 cd

87 1620 160 1707 ιηός
178 1620 213 1684 ll.
235 1619 292 1684 lX.
316 1616 392 1683 358.
416 1629 477 1683 etc.
504 1627 536 1681 et
557 1617 681 1681 totidem
702 1616 763 1680 iota
786 1615 871 1681 nulla
891 1638 1025 1685 consona
1044 1620 1179 1709 interpo-

89 1725 136 1789 sita
155 1724 255 1788 crehro
278 1721 418 1785 existunt
437 1722 598 1805 conjunctu
616 1720 868 1803 praepositionum
886 1712 943 1787 dcci
964 1732 997 1787 et
1013 1720 1103 1809 scopi,
1123 1724 1180 1791 ιιι.

89 1838 221 1902 terram,
242 1817 419 1899 Διιπόλιοι,
440 1821 683 1907 διιπετὲοτερος
704 1832 736 1885 et
756 1821 951 1910 Διιτρέφης,
973 1846 1100 1909 quorum
1120 1828 1179 1893 duo

88 1929 236 2015 posteriora
257 1928 424 1993 secundam
441 1925 561 2011 longam
582 1924 704 2001 hahere,
728 1935 928 2010 postremum,
950 1926 1027 2011 quod
1048 1939 1081 1993 et
1097 1931 1181 1997 Διο-

87 2033 193 2119 τρέφης
219 2030 330 2097 dicitur
356 2052 387 2094 r.
414 2028 545 2093 Beklser.
572 2028 608 2091 ed
633 2026 729 2091 Thue.
759 2026 811 2091 lll.
836 2026 891 2092 75.
922 2028 956 2093 in
982 2029 1179 2097 marmoribus

88 2134 266 2224 Διειτρέφης
291 2130 384 2198 scrihi
411 2132 487 2195 scite
513 2128 727 2194 animadvortit
752 2129 913 2216 Elmslcjus
939 2132 977 2195 ad
996 2130 1077 2195 hled.
1100 2130 1177 2199 323.

88 2241 153 2304 Aln
174 2262 202 2324 p.
228 2234 304 2301 139.
330 2245 362 2299 et
383 2207 419 2297 ad
440 2231 550 2299 Bacch.
573 2229 670 2297 1266.
715 2232 813 2317 Amne
834 2232 909 2298 hacc
929 2233 1080 2299 scrihendi
1100 2235 1179 2302 ratio

88 2341 181 2427 ambigi
201 2349 314 2426 potest,
336 2348 439 2402 utrum
459 2335 497 2400 ad
519 2333 691 2409 evitandum
713 2335 855 2420 duplex
844 2347 907 2402 rota
927 2335 1002 2401 inita
1022 2338 1123 2404 sitan
1142 2340 1182 2406 ad

88 2445 244 2529 aguandam
267 2441 513 2529 productionem,
543 2458 619 2522 quse
640 2439 722 2508 clare
743 2448 867 2524 apparet
887 2439 920 2504 iu
942 2438 1094 2506 homerico
1114 2437 1183 2510 ἅο.
1280 2497 1284 2508 ,

88 2537 284 2636 δρειφόοοης,
318 2563 375 2607 nec
401 2541 504 2626 ignota
530 2540 589 2604 fnit
614 2539 799 2606 scholiastae
822 2541 965 2608 Nicandri
985 2543 1078 2608 Ther.
1101 2543 1179 2612 661.

90 2650 130 2732 qni
154 2671 203 2734 pro
231 2653 271 2716 ἐν
300 2645 337 2714 dl
363 2642 574 2732 θερειγενὲοο
599 2640 750 2728 κυμίνου
778 2644 892 2707 dubitat
918 2665 958 2709 an
983 2657 1117 2730 praestet
1142 2651 1181 2716 ds

89 2745 117 2817 δ’
129 2747 369 2840 α’θερειγειὲος,
390 2743 505 2833 ἐπειδή
524 2745 587 2812 τοῦ
601 2744 757 2832 eupoleos
776 2741 795 2811 o‘
813 2738 938 2835 στοίχοις
955 2741 1086 2834 α’θέρας
1103 2751 1182 2839 ἔχει,

91 2855 133 2917 sed
150 2855 266 2918 auditur
287 2853 376 2916 modo
397 2850 429 2914 iu
447 2847 516 2914 Nic.
532 2850 624 2914 Alex.
643 2845 720 2912 618.
743 2847 870 2934 κοῦροι
890 2845 1085 2938 elisamae
1102 2854 1183 2918 Με-

91 2955 242 3044 λικέρτην,
270 2954 357 3019 etin
378 2951 528 3038 Lycophr.
552 2974 584 3018 v.
608 2949 684 3015 681.
708 2953 756 3024 εἰς
776 2948 938 3018 sunteas
960 2952 1108 3038 φθιτῶν,
1127 2975 1184 3018 cu-

91 3059 130 3142 jus
147 3079 285 3124 mensura
312 3067 344 3122 et
364 3055 503 3119 librarios
529 3053 661 3118 turbavit
686 3049 869 3127 οἷλίςιιειλοο
895 3063 927 3118 et
946 3046 1118 3140 οἷλήιιειλον
1131 3059 1182 3139 ²¹)

94 3161 258 3238 ordientes,
292 3169 326 3224 et
347 3156 575 3233 Grammaticos,
591 3155 730 3232 induxit,
760 3166 795 3220 ut
817 3156 855 3220 ah
878 3151 962 3222 cillo
987 3157 1184 3242 compositum

96 3274 224 3344 putarent.
270 3262 338 3328 lam
360 3271 482 3346 praeter
508 3259 640 3324 dativum
660 3262 733 3338 Διΐ,
766 3279 853 3342 quem
874 3258 1038 3324 Dorienses
1064 3270 1185 3324 contra·

97 3361 164 3442 hunt,
185 3367 282 3430 solum
300 3376 397 3430 restat
417 3361 595 3428 solemnium
613 3382 724 3425 nomen
741 3351 897 3428 Διιπόλιοι
917 3361 983 3426 sive
998 3354 1185 3442 Διιπόλειοι,

100 3469 157 3548 qnod
176 3480 206 3531 et
226 3470 324 3554 ipsum
347 3469 383 3530 ah
404 3465 513 3530 Atticis
534 3485 595 3527 uno
617 3463 698 3539 iota,
720 3474 756 3527 ut
775 3461 932 3550 Δίφιλος,
954 3465 1185 3549 pronunciatum

98 3586 150 3631 csse
168 3571 319 3634 Porsonus
346 3570 433 3632 docet
458 3567 495 3630 ad
519 3565 615 3630 Arist.
639 3565 710 3630 Pac.
734 3565 810 3630 424.
838 3577 927 3651 atque
952 3564 1037 3640 διἰος
1053 3566 1187 3650 jovialis

98 3665 158 3734 Plat.
175 3673 299 3737 Phaedr.
316 3669 447 3751 25211.
473 3667 624 3732 Plutarch.
642 3669 678 3732 dc
696 3668 766 3731 Del.
783 3665 891 3732 OraeeJ
905 3668 994 3733 XXl.
1010 3667 1086 3733 335.
1106 3682 1185 3737 τοῖν

98 3768 180 3838 doloso
205 3775 352 3838 Themiso.
379 3772 432 3836 Or.
457 3770 541 3834 Xlll.
574 3768 646 3835 165.
677 3769 714 3833 C.
747 3771 823 3855 quod
851 3771 1010 3856 plurimum
1040 3772 1140 3836 dill'ert
1166 3793 1214 3836 a'

100 3869 158 3948 deoc
174 3875 304 3940 doinus.
326 3875 428 3959 ltaque
447 3893 485 3938 ne
503 3873 563 3936 illis
582 3872 697 3958 quidem
717 3884 825 3938 natura
839 3874 1002 3954 concessit,
1022 3884 1057 3937 ut
1071 3875 1183 3951 omnia,

101 3979 325 4057 quemadmodum
350 3977 484 4055 vellent,
514 3976 783 4061 proloquerentur3
820 3977 873 4043 sed
895 3997 985 4062 quum
1012 3975 1087 4052 δῖος
1107 3975 1187 4042 dice·

103 4109 291 4130 Q...-

157 4199 199 4271 21)
220 4201 262 4256 Sic
278 4209 307 4260 et
322 4201 467 4272 Hesychius
484 4201 511 4253 iu
528 4200 605 4254 serie.
