2792 4725
183 327 260 401 259
365 352 371 361 ·
529 320 854 400 DlSSEBTAl'lO
882 320 949 391 lll.

183 508 334 577 Plutarch.
357 507 461 593 Comp.
480 502 578 571 stetu.
598 504 652 574 lV.
675 500 773 593 χάριν
794 496 925 591 ταύτην
946 498 1070 598 άχαριν
1089 505 1301 597 μροςτίθηοι

77 621 98 707 g
183 613 305 677 Arriae
329 608 421 673 Alex.
446 602 498 684 IV.
522 606 561 685 8,
584 606 617 671 7.
648 605 697 674 όν
718 599 880 701 άήχάριν
901 604 964 676 οάιι
985 608 1141 701 ἐπίχαριν
1163 606 1299 705 ίιίχοιμ1

182 712 230 783 άν
250 705 362 798 νόμον
387 749 432 760 -
457 711 534 775 Plat.
557 708 652 795 legg.
676 708 734 775 lX.
759 708 833 775 858.
859 710 899 777 tt.
931 711 982 776 ulti
1003 715 1157 799 genitivus
1179 716 1300 783 additus

184 828 233 887 est
254 826 288 881 ut
307 814 372 901 lph.
394 813 432 878 Τ.
453 811 527 878 566.
551 807 712 901 γυναικός
733 808 832 903 χάριν
854 808 993 902 άχαριν,
1016 817 1093 901 quod
1115 836 1204 881 nemo
1227 817 1299 880 sult-

184 920 347 986 stantivum
369 937 438 979 esse
459 916 555 990 lieet,
577 936 676 999 neque
698 908 765 979 leri
786 924 885 1000 potest
907 925 941 981 ut
958 916 1031 981 llee.
1052 914 1129 982 612.
1153 911 1299 1005 νύμφην

183 1016 351 1109 άναμφον
371 1017 553 1104 παρθένον
572 1013 607 1083 τ’
627 1010 850 1103 άπάρθενον,
881 1018 938 1083 Ιιοο
959 1028 1144 1105 postremum
1165 1021 1206 1085 sit
1227 1023 1298 1085 sult-

184 1125 367 1202 erastinum,
397 1120 578 1206 adjectivum
598 1140 674 1184 vero
698 1115 872 1206 άνομφος.
919 1120 1044 1207 1οοιιφοι·
1066 1122 1175 1187 Graeci
1201 1124 1297 1189 multo

185 1227 280 1312 magis
302 1246 390 1311 quarn
410 1222 534 1287 Romani
556 1222 758 1307 Germanique
780 1216 1006 1288 cousuluerunt
1027 1224 1223 1303 substantivis
1245 1226 1297 1290 atl-
1363 1294 1367 1307 ,

173 1331 312 1417 'jungere
340 1326 488 1412 atlJeotiva
516 1325 649 1409 ejusdem
677 1326 780 1409 stirpis
808 1326 967 1409 negantia,
1001 1319 1076 1401 όὲος
1099 1321 1195 1402 άιίοίς
1217 1328 1294 1400 Plau.

99 1444 106 1453 '
185 1434 287 1518 Symp.
308 1426 382 1494 198.
403 1428 440 1491 Α.
465 1426 590 1490 Aristitl.
612 1428 665 1493 0r.
685 1427 835 1505 XXXIV.
854 1426 930 1505 441.
953 1426 1051 1517 χίνος
1072 1424 1201 1516 άχονον
1218 1431 1294 1503 Eur.

185 1534 276 1598 llere.
300 1530 375 1602 887.
407 1528 531 1617 τροφαί
552 1523 698 1616 ἄτροφοι
720 1530 807 1595 Aret.
833 1530 907 1601 Gur.
932 1530 971 1605 11.
996 1531 1054 1608 ll,
1076 1530 1152 1606 211).
1182 1530 1296 1607 πίστις

184 1632 330 1708 άπιστος
345 1632 478 1704 Maneth.
494 1632 533 1696 V.
549 1630 603 1707 97.
629 1630 735 1720 σοφία
753 1627 884 1720 άοοφος
902 1622 998 1698 Cleua.
1015 1635 1115 1699 Protr.
1131 1635 1168 1699 V.
1187 1634 1240 1701 56.
1254 1636 1293 1699 Α.

42 1805 45 1810 ,
186 1751 311 1804 etcum
338 1735 557 1821 praepositione
585 1735 725 1821 negativa
753 1728 861 1823 φόνος
885 1728 1065 1824 άπόφονος
1092 1736 1193 1802 orest.
1218 1734 1293 1809 163.

187 1841 264 1928 quotl
283 1837 464 1902 Seholiastes
486 1858 552 1901 eum
573 1828 685 1926 γάμος
707 1831 841 1928 άγαμος
864 1840 1033 1916 nunteutlit,
1057 1840 1184 1923 aliisque
1204 1838 1296 1924 parti·

187 1945 263 2009 culis
290 1935 432 2027 άάςερος
453 1943 536 2026 ἔρος
557 1940 710 2014 Plutarch.
734 1940 774 2005 V.
798 1940 908 2015 Periol.
932 1942 1007 2006 XX.
1031 1938 1107 2013 4⁰7.
1138 1938 1296 2019 θάνατος

185 2043 381 2124 εὐθάνατος
398 2044 538 2107 Menand.
554 2043 606 2108 Fr.
624 2064 654 2138 p.
673 2041 725 2110 1⁰.
750 2036 907 2119 θάνατος
927 2039 1109 2117 α’θάναοος
1127 2042 1293 2129 Theophyl.

186 2150 265 2215 Hist.
286 2147 337 2211 lll.
363 2146 421 2224 13,
445 2144 499 2211 79.
520 2144 556 2208 G.
581 2166 641 2228 quo
660 2146 693 2209 iu
715 2166 828 2231 genere
850 2157 921 2216 aute
944 2159 1063 2213 eeteros
1084 2145 1227 2231 Tragicos
1249 2145 1295 2212 lu·

185 2252 328 2332 ⁴esuriatur
343 2246 510 2330 Euripides.
544 2241 649 2331 Neque
671 2248 769 2321 solum
791 2251 950 2336 conjugata
970 2249 1091 2321 nomina
1113 2268 1295 2333 eomponuu2

186 2366 249 2432 tur,
273 2352 325 2418 sed
344 2350 433 2429 etiam
450 2370 526 2432 quae
547 2349 675 2417 (liversis
695 2350 837 2437 stirpibus
856 2363 923 2418 urta
944 2354 996 2422 sed
1015 2371 1186 2440 synonyma
1203 2360 1292 2425 suutr

186 2451 281 2522 τόκοι
297 2448 418 2543 άχονοι
437 2473 491 2536 pro
512 2446 635 2522 άοοκία
651 2455 725 2518 Oed.
742 2454 778 2520 Τ.
796 2452 851 2520 26.
875 2452 942 2541 ζωή
958 2449 1059 2554 άβιος
1076 2455 1198 2539 Ειοροό.
1216 2452 1291 2528 326.

187 2554 330 2639 δόςξοιος
349 2551 511 2644 ιιάβίοτος
530 2552 648 2643 βίοτος
668 2556 772 2641 Epigr.
790 2557 901 2642 Adesp.
922 2557 1051 2622 ocuttt.
1074 2556 1182 2648 μόρος
1202 2551 1295 2624 ἄπο-

186 2682 273 2748 τμος
300 2659 367 2724 ΑΙο.
393 2656 466 2723 118.
496 2671 556 2723 ete.
602 2658 653 2722 Ex
677 2657 725 2722 uis
752 2659 846 2750 igitur
871 2660 1036 2746 exemplis,
1071 2679 1196 2744 quorum
1224 2678 1293 2743 pars

187 2751 319 2832 maxima
345 2761 388 2827 ita
415 2771 672 2846 comparatam,
705 2772 740 2838 ut
763 2762 875 2828 nullam
900 2749 1083 2827 substantivi
1103 2762 1292 2837 substantivo

187 2865 278 2932 additi
303 2863 503 2948 suspicionem
524 2863 676 2939 admittat,
708 2863 762 2928 illa
784 2865 952 2934 existimari
977 2867 1102 2941 delent,
1133 2885 1209 2960 quae
1231 2885 1292 2928 non
1335 2889 1338 2900 ⁴

145 2965 152 2976 ’
185 2967 323 3054 Tragieis
344 2966 441 3029 solum
461 2967 514 3031 sed
535 2966 568 3030 in
589 2967 671 3030 omni
692 2987 804 3053 genere
827 2968 942 3040 dieeudi
964 2969 1211 3051 frequentantur:
1235 2957 1293 3031 atl÷

185 3058 275 3159 ’,ομος
301 3064 454 3156 άαοομος
478 3069 590 3133 Julian.
613 3069 718 3154 Epigr.
743 3069 852 3138 LXIV.
883 3068 985 3134 Noun.
1010 3070 1062 3136 Vl.
1087 3069 1163 3145 371.
1200 3068 1293 3144 οἶνος

187 3171 302 3247 άοικος
322 3160 421 3235 XVll.
444 3169 498 3235 42.
528 3171 570 3248 io.
595 3170 648 3236 51.
680 3183 711 3236 et
732 3171 849 3245 Aelian.
873 3171 911 3236 ll.
935 3171 1017 3248 Anu.
1040 3171 1110 3236 Xll.
1135 3171 1167 3238 6.
1195 3174 1293 3246 πάσα

186 3272 284 3350 πόλις
309 3268 431 3348 άπολις
458 3270 503 3340 άν
529 3273 661 3362 γένοιτο
692 3273 768 3337 Plat.
792 3273 886 3358 Legg.
912 3272 1138 3351 11117661).
1168 3295 1292 3358 prorsus

187 3382 225 3446 atl
245 3377 389 3464 Aeschyli
410 3376 578 3462 exemplum
600 3375 688 3452 Eum.
712 3373 787 3450 457.
811 3370 937 3443 άπολιν
956 3371 1063 3448 Ἰλίοο
1083 3373 1184 3452 πόλιν
1206 3381 1293 3465 ἔθη-

186 3506 258 3555 αας.
286 3480 389 3565 Neque
407 3479 508 3543 Latiui
526 3478 714 3544 substantiva
731 3479 874 3564 negantia
890 3481 1055 3566 adjungunt
1072 3480 1126 3544 sed
1144 3481 1293 3566 adjectiva

187 3585 315 3671 nuptiae
341 3584 507 3666 innuptae,
540 3581 684 3665 sepulcro
710 3582 886 3667 insepultu3
928 3583 1119 3668 quamobrem
1144 3603 1292 3647 numerus

185 3690 365 3763 annumerata
390 3682 481 3747 Luer.
507 3680 544 3745 ll.
569 3681 664 3748 1053.
695 3681 846 3760 111780.
876 3683 959 3752 valet
984 3684 1199 3762 innumeralis,
1233 3705 1291 3771 quo

186 3792 264 3854 idem
287 3787 400 3865 utitur,
424 3785 489 3849 sive
510 3784 754 3866 innumerabilis,
783 3773 841 3870 lpuo
864 3786 978 3852 Gellius
1001 3789 1041 3852 el.
1061 3787 1151 3853 Voss.
1175 3787 1289 3856 lustitt.

187 3895 275 3956 Rhet.
298 3890 338 3955 V.
362 3910 391 3951 e.
415 3885 447 3950 7.
493 3887 524 3950 Si
546 3886 612 3970 quis
634 3899 734 3952 autem
756 3898 877 3975 propter
903 3913 977 3976 quae
1000 3911 1089 3976 supra
1110 3889 1199 3954 attuli
1221 3911 1292 3958 πα-

185 3991 248 4079 τήρ
270 3984 478 4076 αἰνοπάτηρ,
501 3983 595 4075 Ἶρος
608 3983 742 4077 Ἆὶρος,
772 3995 847 4078 quod
868 3983 1043 4059 Eustathius
1064 4015 1094 4078 p.
1116 3990 1213 4069 1837,
1237 3989 1289 4057 16.

188 4099 262 4162 adeo
287 4117 354 4160 oum
374 4088 486 4166 άπνος
507 4086 640 4168 άϋνινος
663 4107 832 4179 comparat,
861 4095 1014 4162 Sohaeleri
1035 4096 1216 4160 senteutiam
1241 4096 1291 4160 tle·

188 4203 306 4265 lensum
328 4207 397 4274 eat,
425 4195 560 4282 equilum
583 4195 661 4262 haud
679 4197 822 4284 dispicio,
849 4221 904 4266 our
924 4198 998 4265 haeo
1018 4197 1141 4264 lieentia
1163 4198 1290 4264 transle-

870 4303 872 4316 '
996 4308 1008 4354 t
