2792 4725
359 129 390 178 Ο

275 275 334 342 llll
362 271 551 340 better.
583 271 796 340 lblblOBlL.
828 273 863 338 0.
887 274 913 340 l.
942 277 970 362 §-
993 276 1027 344 2.
1141 273 1211 342 teo

103 455 158 521 sed
179 465 318 520 extrema
338 453 371 518 in
391 454 488 518 medio
508 453 658 538 relinquo.
688 453 729 516 Et
748 453 781 516 in
800 455 975 520 universnm
996 473 1136 540 perquam
1157 477 1212 520 an·

106 579 177 642 ceps
199 568 247 622 est
266 556 387 620 Arcadii
409 557 595 633 emendatio,
626 577 689 620 non
710 555 807 620 solum
831 568 952 642 propter
971 558 1213 624 molestissimam

105 660 322 745 adjectivorum
355 669 387 722 et
417 659 691 732 substantivorum,
731 659 917 742 propriorum
951 669 982 724 et
1014 661 1213 726 communium

107 753 352 847 permixtionem,
376 761 540 824 sedetiam
562 759 631 844 quia
650 761 737 824 modu
760 761 862 824 eadem
881 762 1009 826 diversis
1028 762 1101 827 loeis
1123 763 1215 828 iterat

109 863 257 947 exempla,
277 863 364 926 modo
381 883 456 946 quae
474 863 593 926 adrem
611 872 710 939 erant,
728 863 951 948 praetermittit,
971 863 1084 952 Σέβην
1098 866 1212 930 Aneod.

109 988 141 1052 p.
163 962 262 1030 1417.
281 965 420 1029 Laccuris
442 963 576 1028 Gramm.
600 963 637 1027 (l.
660 963 727 1029 Fol.
752 962 784 1028 6.
813 963 933 1056 Λὲβην
954 966 1020 1030 sive
1040 960 1160 1056 Λεβήν
1181 990 1215 1034 v.

110 1066 280 1132 Tzscbuck.
305 1068 342 1132 ad
364 1067 463 1131 Strab.
486 1066 530 1129 X.
553 1087 584 1151 p.
607 1065 684 1132 257.
714 1068 751 1130 de
777 1087 835 1152 qua
861 1069 1072 1134 terminatione
1097 1070 1150 1134 ille
1178 1091 1217 1134 ne

110 1171 236 1236 verbum
257 1169 387 1254 quidem,
410 1167 547 1253 Πέλλην
568 1164 619 1252 qui
640 1180 672 1233 ct
691 1169 827 1256 Πέλλης
849 1180 976 1234 vocatur
997 1193 1027 1235 v.
1047 1171 1158 1236 Siebel.
1181 1175 1218 1236 ad

110 1272 201 1338 Paos.
220 1270 287 1335 Vll.
310 1270 370 1349 te,
395 1270 427 1336 5.
467 1269 624 1357 Τροιζήν,
645 1273 731 1357 cujus
753 1273 884 1336 maxima
905 1283 952 1338 est
973 1273 1004 1337 in
1026 1283 1151 1338 accentu
1172 1275 1220 1338 in·

113 1373 342 1459 consentiat),
371 1365 508 1460 Πνθήν
529 1374 663 1461 Thucyd.
688 1372 741 1440 Vl.
767 1372 840 1440 164.
870 1370 1033 1466 lupoldo,
1054 1371 1220 1464 Ἀραφήν,

112 1467 250 1564 Κωφήν
264 1477 305 1561 ⁸),
326 1471 473 1564 Χεφρὴν
495 1486 555 1541 etc.

194 1579 260 1650 lam
282 1579 318 1642 de
340 1590 468 1644 accentu
489 1578 597 1644 horum
618 1579 830 1644 vocabulorum
853 1579 922 1664 quid
942 1581 1107 1665 antiquitus
1130 1583 1221 1647 tradi-

115 1694 180 1748 tum
201 1681 258 1758 sit,
282 1682 451 1765 expositum
473 1691 540 1757 est;
568 1681 605 1744 de
627 1702 740 1766 genere
760 1681 838 1744 idem
860 1681 942 1747 valet
962 1685 1038 1768 quod
1060 1685 1097 1748 dc
1117 1705 1222 1748 mono-

115 1785 252 1871 syllabis,
275 1801 400 1868 quorum
422 1803 491 1867 pars
511 1783 608 1867 major
628 1783 805 1858 masculina,
829 1783 928 1868 aliqua
949 1786 1116 1850 communia
1137 1791 1220 1850 sunt.

116 1888 152 1953 ln
172 1886 322 1952 declinetu
344 1886 453 1948 docent
473 1884 608 1948 vocalem
626 1885 802 1948 nominativi
825 1884 944 1969 longam
963 1889 1093 1964 servari,
1117 1888 1176 1952 nisi
1197 1889 1224 1952 si

116 1991 236 2055 literam
257 1975 289 2074 p]
308 1987 517 2070 subsequatur.
551 1986 739 2050 Herodianus
760 2011 798 2053 π.
814 1989 909 2054 Μον.
931 2009 961 2072 p.
981 1987 1035 2064 32,
1057 1987 1155 2088 7.]11
1178 1989 1225 2064 εἷς

116 2079 191 2182 ᾗῇ)
215 2087 365 2178 λήγοντα
386 2083 529 2164 ὀξύτονν
553 2085 640 2176 ὑπὲρ
666 2085 755 2174 μίαν
781 2078 954 2177 συλλαβήν
967 2093 998 2176 ⁹)
1026 2087 1066 2157 τὸ
1091 2116 1114 2178 η
1140 2080 1227 2166 eice

117 2195 250 2284 τρέπει·
271 2186 384 2281 μόνον
405 2188 443 2258 cd
459 2187 583 2277 Δαμήν
600 2186 774 2278 ἐφύλαξεν,
797 2192 876 2266 ἴσως
897 2191 970 2260 ἐπεὶ
988 2184 1104 2280 κύριόν
1122 2197 1224 2267 ἐστιν.

119 2290 259 2386 (Δαμκὴν
282 2289 492 2384 συγγραφεύς
512 2294 626 2359 Anecd.
647 2295 747 2358 Crem.
768 2293 792 2358 l.
816 2292 908 2381 366.)
940 2291 989 2365 Τὸ
1011 2293 1046 2363 db
1068 2287 1227 2383 ἁλλαμήν
1358 2357 1362 2365 .

120 2403 195 2487 (sic)
216 2398 469 2486 παραιτοῦμαι·
499 2394 541 2463 οὐ
560 2396 625 2485 yc‘p
644 2392 788 2486 γνήσιον
810 2390 924 2484 ὄνομα
944 2395 1038 2484 orepoi
1059 2395 1227 2484 Διοδώρῳ,

120 2503 198 2588 apud
220 2524 307 2587 quem
329 2499 404 2565 nihil
425 2499 523 2564 simile
544 2500 664 2585 reperio
679 2502 737 2586 ¹⁰).
769 2489 972 2589 chppop‘vee
991 2498 1091 2564 Noun.
1110 2502 1225 2565 XXIV.

122 2606 198 2671 162.
222 2602 373 2667 XXXIX.
397 2600 471 2666 358.
495 2602 595 2667 sciens
617 2602 837 2687 praetermisit,
868 2602 937 2687 quia
958 2603 1048 2687 vulgo
1072 2604 1162 2667 aliter
1186 2604 1255 2679 tt„

123 2708 204 2773 citur
219 2706 424 2795 Βραχμᾶνες
444 2715 479 2768 ut
494 2704 672 2791 Γερμᾶνες
693 2704 792 2767 Strnb.
809 2704 880 2769 XV.
899 2702 972 2769 712.
996 2706 1147 2789 ignoravit
1168 2706 1229 2769 ior·

122 2820 205 2901 tasse
219 2804 375 2894 Νύμφας
388 2803 562 2893 Ἀκμῆνας
577 2808 665 2871 Paos.
682 2807 721 2872 V.
740 2805 793 2882 15,
809 2804 843 2869 4.
866 2827 919 2890 pro
937 2826 994 2890 quo
1015 2827 1096 2871 nunc
1107 2797 1229 2894 Ἀκμη-

122 2907 188 2985 vole
209 2910 356 2975 scribunt.
403 2909 460 2972 Sed
487 2907 532 2997 τῷ
559 2902 678 2997 πρώτῳ
707 2900 830 2985 κανόνιζ,
847 2902 1032 2975 α’ντίκειται
1058 2906 1097 2973 vd
1118 2911 1228 2996 εἴρην·

124 3014 228 3082 τοῦτο
246 3008 310 3102 γάρ
330 2997 583 3101 ὄΚαλλίμαχος
603 3008 657 3079 dccl
676 3010 739 3079 τοῦ
761 2998 924 3078 edultum!
942 3004 1047 3077 εἰπών
1065 3006 1136 3078 dtt’
1153 3008 1231 3079 oivvl

153 3294 157 3299 .
197 3254 225 3318 tt
246 3250 362 3325 Τροιζῆν
379 3261 520 3323 oxptonum
537 3248 743 3306 estDlod.Xll.
760 3252 843 3305 old.
863 3253 958 3305 neten.
976 3268 1001 3320 p.
1018 3252 1122 3307 111111.
1143 3252 1230 3305 Strub.

127 3340 197 3394 Vnt.
216 3340 278 3393 stt.
297 3340 331 3391 cl.
351 3340 482 3407 Spitznor.
500 3340 533 3391 ed
550 3339 581 3391 ll.
599 3339 631 3391 11.
652 3340 711 3393 561.

199 3442 227 3507 8)
244 3432 345 3512 Koippc
361 3437 485 3508 nocearis
496 3436 666 3510 ‘arpotmtc
682 3437 718 3495 oie
730 3435 846 3511 Xpdopc,
862 3434 1046 3511 Ἀριστοτέλην
1056 3437 1090 3493 ‘de'
1107 3436 1158 3495 vo'v
1172 3447 1235 3495 Ko-

127 3522 203 3599 φῆνα
219 3532 300 3597 φησὶν
316 3522 353 3581 oie
370 3524 477 3597 σωλῆνα
493 3528 616 3579 Eustatb.
636 3527 669 3577 ud
685 3526 796 3595 Dionys.
814 3527 888 3579 1140.
909 3520 942 3578 cl.
960 3526 1103 3579 Tzscbuck.
1123 3527 1156 3577 ed
1173 3526 1232 3577 blol.

128 3611 190 3664 vot.
211 3611 242 3663 ll.
261 3610 291 3661 P.
310 3609 353 3663 lll.
373 3614 435 3668 246.

199 3716 227 3783 9)
244 3715 297 3765 lloc
314 3717 411 3766 excidit
428 3715 495 3783 opud
507 3704 677 3766 Theodosium
690 3712 804 3765 Gnarum.
820 3730 845 3781 p.
861 3710 918 3766 118.
939 3712 981 3765 cui
995 3706 1050 3782 μήν
1063 3706 1148 3784 μηνός
1166 3716 1235 3780 igno·

130 3804 187 3853 tum
205 3810 263 3851 esse
281 3817 330 3851 non
347 3802 448 3868 potuit,
475 3801 520 3851 scd
537 3792 588 3869 χήν
604 3798 696 3869 perde,
720 3794 786 3867 quot
804 3798 978 3868 Goettlingius
996 3802 1020 3852 ei
1038 3802 1154 3867 opponit,
1176 3802 1237 3851 omi-

130 3885 168 3939 ait
185 3887 247 3953 quie
264 3887 413 3937 monicum
431 3902 480 3937 non
499 3892 548 3938 est.

202 3988 247 4053 16)
263 3989 371 4050 Eorum,
389 3988 568 4056 peremptori,
588 3985 745 4041 simillimum
763 3990 804 4041 est
820 3986 963 4041 laconicum
980 3976 1103 4058 dolopoiv
1120 4008 1240 4055 μαστρο-

130 4065 186 4130 vrdc
203 4074 316 4144 llesyctr.
335 4076 381 4126 sed
398 4076 526 4126 incertum
544 4082 573 4126 et
588 4075 621 4128 eb
638 4077 686 4129 boc
703 4077 759 4129 loco
776 4076 899 4129 alionum.
925 4070 992 4129 Num
1010 4090 1061 4143 qun
1078 4075 1149 4127 locta
1165 4082 1206 4126 est
1223 4088 1240 4124 a
1328 4068 1332 4077 “

131 4161 246 4214 Diodoro
261 4161 441 4213 Alcmaeonem
458 4161 572 4215 nendos

167 4260 277 4313 meoet.
296 4262 419 4331 rmap.
991 4242 1032 4309 13
