2792 4725
223 320 276 387 ou
304 316 530 403 sensusne..
549 310 574 385 1.
598 312 921 385 nncumransc.
948 316 1025 386 ιοιι.
1053 318 1137 410 §.s
1182 316 1256 387 sos

86 540 87 543 ¹
148 482 299 591 ἄλμαῐύς
325 503 517 600 dunarum
544 484 867 588 Nontcerdv'cyuato
889 502 1020 566 tortasse
1045 521 1084 566 ne
1097 501 1257 587 Hippocra-

149 617 196 671 tes
219 605 335 689 quidem
346 642 360 680 ,·
383 614 418 667 ut
439 590 552 667 Coraes¹
578 604 693 688 putavit
722 605 758 667 ad
780 603 816 665 L.
847 604 884 667 de
908 603 982 669 Aer.
1014 604 1052 667 Τ.
1077 603 1100 667 Ι.
1123 624 1155 687 p.
1180 601 1254 668 126.

148 709 258 774 nedum
283 706 385 782 Plato,
419 716 453 769 ut
473 694 629 777 Jacobsius
658 706 696 769 ad
717 703 827 769 Actilt.
863 727 894 789 p.
918 704 993 779 661.
1023 707 1075 770 scd
1096 702 1256 782 Homerus,

149 810 310 897 Tyrtaeus,
335 809 504 873 Herodotus
532 802 643 891 aliique
674 807 717 871 ite
739 809 786 871 usi
809 820 889 889 sunt,
914 809 1024 892 utpro
1046 828 1083 872 co
1106 808 1173 871 sine
1194 806 1258 871 ulla

61 966 64 971 r
150 911 321 977 sententiae
342 910 538 977 inclinatione
558 906 688 997 α’νύγεη
711 910 850 976 substitui
872 913 987 994 possit3
1017 910 1073 975 hoc
1094 930 1168 975 vero
1196 929 1258 973 non

151 1014 249 1079 obstat
270 1013 426 1099 quominus
448 1013 718 1098 adjectivumesso
741 1013 895 1077 credamus
917 1024 952 1075 ut
969 1013 1150 1077 contrarium
1165 1018 1258 1079 ἑκον-

151 1114 221 1192 ολα,
247 1117 283 1181 de
307 1116 518 1201 quodiximus
545 1116 582 1179 ad
604 1114 718 1199 Phryn.
743 1136 773 1199 p.
797 1114 882 1199 43¹)
902 1125 936 1179 et
955 1116 1054 1179 affinia
1074 1114 1255 1191 θεσπεσία,

151 1215 328 1303 δαιμονία,
351 1215 536 1304 θεομορία,
561 1236 635 1301 quoe
656 1216 689 1280 in
711 1216 769 1279 alia
792 1216 896 1281 harum
918 1216 1158 1281 dissertationum
1173 1229 1258 1302 parto

152 1321 370 1385 tractabuntur.
416 1321 461 1383 uc
483 1316 606 1407 α’ρχαλα
628 1317 696 1403 quid
720 1322 908 1385 statuendum
931 1322 983 1397 sit,
1002 1322 1065 1405 jam
1087 1322 1256 1405 expositum

42 1459 45 1463 ·
152 1434 210 1488 est.
256 1423 398 1507 Sequitur
421 1419 567 1497 αύλαία,
595 1423 671 1505 qnod
693 1444 782 1505 quum
805 1425 914 1507 ubique
935 1424 1071 1488 suiacum
1094 1425 1255 1509 significet,

153 1544 303 1609 uunquam
325 1525 436 1601 aulem,
460 1544 640 1608 magnopere
662 1525 852 1609 periclitatur
871 1526 1020 1590 Eustethii
1044 1526 1136 1602 tides,
1160 1529 1209 1613 qui
1231 1530 1259 1593 si

153 1630 232 1693 forte
255 1628 363 1695 alicubi
385 1628 459 1711 legit
479 1624 574 1700 ἐντὸς
587 1626 648 1711 τῆς
669 1622 812 1702 αύλαλας
832 1629 1013 1717 παρῆλθεν
1030 1649 1066 1694 eo
1088 1629 1256 1707 intellectu,

152 1742 187 1796 ut
207 1735 240 1795 in
261 1732 326 1816 ejus
352 1730 449 1796 locum
478 1728 538 1814 τῆς
563 1726 669 1814 αὐλῆς
690 1731 819 1794 subdere
839 1730 946 1803 liceat,
976 1730 1059 1794 illico
1080 1730 1113 1795 in
1133 1753 1259 1818 parago-

152 1854 209 1921 gac
231 1833 400 1918 opinionem
421 1831 544 1908 incidit,
568 1853 653 1916 qnam
677 1833 714 1894 ab
736 1833 866 1917 exempli
887 1844 1031 1910 auctore,
1065 1835 1091 1898 si
1114 1835 1258 1899 noscendi

154 1937 239 2021 copia
261 1946 360 2014 esset,
393 1936 459 1999 sine
489 1934 576 1998 dubio
605 1934 733 1997 alienam
765 1954 836 1998 esse
865 1922 1047 2001 videremus.¹
1090 1937 1259 2021 Eademque

155 2038 268 2102 estdc
298 2034 449 2123 ὁμαξαία
475 2036 638 2121 suspici03·
656 2056 729 2100 sene
749 2031 923 2122 οἲμαξαλην
943 2032 1071 2123 ἄρκτον
1091 2039 1202 2103 Aratus
1223 2062 1256 2103 v.

129 2142 131 2149 “
154 2139 209 2207 93.
233 2140 323 2205 sidus·
336 2138 456 2204 boreale
478 2139 568 2218 dixit,
593 2140 669 2224 quod
690 2160 753 2202 uno
781 2136 1039 2225 semireducta
1060 2153 1204 2218 vocatur,
1228 2152 1260 2205 et

155 2262 223 2308 cum
238 2244 328 2307 tacita
342 2242 521 2308 substantivi
541 2242 751 2307 recordatione
773 2241 908 2307 absolute
930 2239 1104 2328 οἷμαξαλαν
1125 2243 1183 2307 dici
1198 2264 1259 2307 non

153 2348 314 2424 abhorret,
337 2346 390 2412 sed
411 2346 462 2431 qui
484 2344 539 2410 hcc
560 2367 614 2430 pro
644 2346 709 2430 ipso
731 2344 919 2410 susbstantivo
939 2346 1132 2431 usurpaverit
1151 2368 1261 2413 vercor

153 2461 188 2514 ut
209 2450 336 2535 reperiri
356 2450 470 2534 possit;
501 2449 669 2514 Herodotus
698 2449 815 2533 quidem
848 2458 881 2511 ct
903 2450 999 2514 ceteri
1019 2449 1108 2535 hujus
1130 2450 1260 2514 familiae
1352 2434 1359 2449 ’

145 2547 271 2640 ’ἅμαξα
296 2551 407 2615 dicunt.
453 2551 527 2616 Utor
547 2551 607 2616 alio
631 2550 780 2634 exemplo.
814 2549 1125 2640 Ammoniosdo'pc,
1150 2553 1259 2636 inquit,

37 2712 38 2720 ,
156 2656 249 2725 ἐστὶν
277 2651 299 2742 η’
326 2658 359 2731 ἐξ
391 2649 493 2742 οἷρχῆς
527 2653 705 2742 γινομένη·
729 2652 932 2739 Μένανδρος
958 2655 1091 2740 (Fragm.
1115 2677 1146 2740 p.
1170 2653 1261 2741 135.)

156 2752 275 2846 θύραν
300 2759 396 2837 ἔξελε,
419 2755 551 2843 θνραία
580 2756 615 2824 δὲ
643 2754 682 2822 νύ
710 2757 834 2844 μέλλον
860 2757 945 2846 πρὸς
974 2757 1122 2845 secondo
1149 2752 1261 2846 θύρας

155 2861 317 2950 μέγεθος,
338 2860 387 2925 vel
410 2871 451 2936 ut,
468 2859 590 2922 Photius
612 2859 655 2922 ait
675 2856 715 2925 cd
742 2854 895 2949 o't'votypcu
916 2860 978 2947 τῆς
1000 2857 1179 2949 θύρας,,ἰιι
1197 2860 1262 2945 qui-

155 2965 211 3030 hus
233 2963 382 3048 egregius
394 2963 549 3027 Menandri
569 2961 720 3045 interpres
736 2966 855 3027 nescio
884 2964 954 3049 quid
980 2965 1195 3049 repugnantiae
1215 2964 1262 3026 in·

157 3057 225 3132 esse
248 3065 392 3143 eredidit;
416 3061 509 3153 θύρα
531 3064 799 3149 significationes,
832 3067 1108 3150 quaeaperiuntur
1128 3075 1160 3127 et
1180 3064 1262 3128 clan-

157 3170 281 3243 duntur,
303 3166 435 3253 θοραλα
456 3178 503 3232 est
524 3177 686 3252 apertura,
721 3177 757 3230 ut
777 3167 934 3231 Vitruvius
957 3168 1041 3243 dicit,
1064 3169 1100 3230 ad
1124 3166 1262 3230 inscren-

158 3271 337 3337 dasvalvas
358 3270 484 3334 relicta
521 3269 622 3353 ltaque
644 3264 699 3336 dcci
721 3264 835 3356 θύρας
852 3265 937 3357 ὁρᾷν
953 3269 1025 3334 solis
1046 3269 1176 3356 Lynceis
1197 3291 1263 3354 per·
1290 3292 1292 3295 ·

157 3373 302 3450 missum
332 3393 387 3437 nos
417 3383 517 3436 antem
536 3372 641 3456 puncta
677 3394 770 3457 quum
785 3392 848 3457 per
872 3393 907 3435 sc
935 3382 1145 3456 roupertum
1166 3395 1263 3459 prcc-

158 3473 215 3538 dut
234 3486 388 3561 opertum,
411 3472 465 3541 dcci
487 3473 548 3560 τῆς
568 3472 719 3561 θυραίας
740 3474 951 3558 transpicimus
973 3474 1047 3537 ioris
1069 3475 1184 3559 posita,
1208 3498 1264 3540 ιιιι-

158 3577 196 3640 dc
219 3579 345 3662 patescit
371 3577 525 3660 utriusque
555 3577 716 3640 discrimen
744 3577 924 3655 maximum3
957 3597 1054 3660 neque
1082 3589 1182 3641 tamen
1203 3599 1264 3641 nou

157 3678 316 3763 aliquando
352 3678 515 3762 permutari
546 3690 689 3762 possunt,
709 3731 713 3738 .
730 3690 767 3744 ut
800 3691 833 3744 ct
867 3681 965 3742 fumus
992 3690 1094 3743 utrum
1121 3679 1176 3748 deci
1205 3679 1266 3766 τῆς

93 3797 94 3804 ’
157 3775 245 3869 ὀπῆς
272 3782 422 3857 ἐξελθεῖν
444 3776 558 3846 dicatur
580 3801 623 3844 an
652 3777 706 3849 dcci
727 3781 788 3868 τῆς
809 3777 954 3863 doulos,
981 3783 1105 3867 perinde
1126 3782 1264 3860 habetur,

227 4033 271 4099 n)
289 4005 485 4099 tn'Antiphont.
507 4035 537 4085 ae
553 4033 644 4087 vener.
666 4051 691 4102 p.
715 4035 774 4097 ια,
796 4037 819 4088 s.
850 4035 886 4102 (ρ.
908 4034 983 4103 coc.)
1006 4033 1053 4089 we
1079 4035 1132 4104 ,cv
1155 4032 1183 4088 o
1200 4051 1266 4104 προ

157 4113 258 4188 βουλῆς
276 4115 405 4173 aduocatos
417 4110 615 4174 οἷποθονύντοε
632 4120 766 4173 Bekkerns
790 4139 805 4173 c
822 4123 879 4173 cod.
899 4122 981 4190 Crips.
1001 4117 1127 4176 oinccoiuc
1152 4121 1265 4186 scripsit,

156 4203 281 4269 vulgatae
299 4206 403 4274 propius
421 4211 462 4257 est
480 4201 599 4275 αάοοολρ.
