2792 4725
178 304 251 375 dett
522 300 849 373 nissnntetto
871 302 937 369 llI.

178 508 293 575 παρος.
335 486 383 553 De
409 481 616 573 ψιαδόπαρα
638 485 735 561 valet,
772 484 849 571 quod
869 502 962 569 supra
992 482 1028 547 de
1049 478 1179 566 simplici
1200 472 1306 565 παρά

178 586 266 668 dirri3
285 591 326 655 ad
346 600 463 653 ceteras
484 589 683 653 nemooitates
704 597 809 673 parata
829 597 901 651 sunt
920 589 1101 673 ἔμπυρος,
1135 573 1306 649 κατάπα-

178 716 251 781 ρος,
273 685 430 777 ζάπυρον
451 701 511 755 etc.
557 690 639 755 Haeo
665 690 801 755 breviter
830 688 957 773 transigi
978 697 1126 775 potuere3
1155 686 1223 771 plus
1249 705 1308 749 cn·

178 816 233 861 rae
254 795 426 859 desiderant
445 792 595 877 adjectiva
615 792 648 856 in
664 778 692 867 ς
711 790 891 869 terminata,
921 810 1049 877 quorum
1071 788 1220 855 nonnulla
1246 808 1310 873 per

79 910 89 927 “
180 918 294 983 genera
315 908 347 962 et
367 895 479 982 gradus
500 893 621 959 moveri
644 905 807 980 negantur.

559 1072 563 1081 ·
689 1078 775 1165 §.u

264 1203 302 1268 ln
322 1198 445 1266 Lexiein
466 1196 593 1265 affertur
621 1196 641 1265 6
665 1210 698 1264 et
717 1196 741 1285 ἦ
762 1195 1003 1288 άνδροδάμας,
1034 1200 1088 1266 sed
1117 1199 1305 1264 femininum

182 1326 245 1372 non
266 1304 423 1390 legebatur
443 1313 601 1385 antequam
623 1298 793 1367 Boeekhius
819 1303 853 1367 in
882 1304 968 1367 Pind.
1000 1304 1121 1387 Fragm.
1152 1300 1194 1367 N.
1220 1300 1301 1367 147.

180 1430 212 1494 p.
236 1406 311 1472 657.
335 1427 389 1490 pro
420 1400 644 1491 άνδροδάμαν
667 1400 775 1495 ριπάν
797 1405 887 1469 metri
917 1424 1008 1470 causa
1036 1405 1210 1470 emendavit
1231 1401 1303 1471 α’ν-

181 1501 416 1595 δροδάμαντα,
439 1526 536 1591 ueque
558 1506 649 1570 alium
663 1518 817 1571 auctorem
829 1506 919 1572 hahet
935 1498 1190 1593 ἀνδροδάμαντ’
1203 1502 1300 1595 Ἐρα-

182 1606 295 1701 φάλην
319 1608 409 1673 Nem.
439 1605 495 1671 lX.
526 1604 581 1671 37.
611 1609 664 1673 sed
692 1606 798 1673 Isthm.
829 1607 882 1671 Vl.
915 1606 988 1675 108.
1024 1608 1094 1672 libri
1127 1610 1301 1695 complures

179 1714 326 1801 praebent
350 1704 598 1801 χαλκοδάμαντ’
627 1704 782 1788 dodoau,
810 1731 866 1797 pro
890 1706 1132 1801 χαλιοδάμαν,
1167 1712 1301 1797 quodsi

180 1816 233 1881 vir
255 1814 437 1879 clarissimus
459 1821 585 1878 veretur
608 1836 648 1879 ne
672 1814 801 1879 Pindaro
826 1814 1084 1889 commoverint,
1107 1813 1182 1879 mihi
1200 1814 1298 1879 multo

180 1919 279 2004 tnagis
302 1917 491 1981 dubitandum
511 1915 642 1995 videtur,
665 1938 705 1981 an
729 1900 1113 1999 reconciliacionem,
1135 1938 1152 1981 a
1174 1916 1301 2002 partici-

181 2020 239 2109 piis
261 2017 435 2084 masculinis
465 2019 626 2105 anticipata
663 2029 766 2105 totque
800 2021 933 2105 ejusdem
966 2020 1089 2103 generis
1124 2018 1299 2083 nominibus

181 2123 309 2210 propriis
330 2122 474 2206 insignita
495 2120 603 2197 Ᾰιάς,
623 2114 798 2208 Ἀκάμας,
824 2116 962 2197 Ἄτλας,
985 2117 1163 2208 Περίφας,
1188 2118 1298 2205 Θόας,

179 2220 411 2310 Ἱπποδάμας,
436 2217 633 2308 Θειοδάμας
658 2235 719 2288 eto.
743 2247 804 2289 non
825 2225 891 2291 siue
913 2224 1037 2307 quadam
1059 2224 1177 2287 aurium
1200 2220 1297 2286 od'en-

182 2328 268 2394 dione
290 2328 326 2391 ad
349 2324 525 2389 femininum
554 2326 669 2390 traduci
689 2326 841 2412 potuerit3
873 2326 949 2412 quod
971 2344 1067 2411 genus
1090 2346 1129 2391 ne
1153 2346 1221 2390 oum
1245 2346 1297 2389 ur-

181 2432 263 2496 bium
285 2427 400 2513 quidem
423 2428 592 2492 nominibus
612 2423 788 2516 Ἆιιράγας,
815 2425 949 2514 Τάρας,
973 2429 1213 2494 communicatur
1234 2426 1297 2492 nisi

181 2552 237 2617 per
257 2530 394 2615 synesin,
416 2551 472 2593 nec
494 2531 645 2615 reperitur
667 2531 699 2594 in
722 2531 895 2616 adjectivis:
920 2525 1075 2616 άδάμας,
1100 2525 1296 2618 τοξοδάμας

182 2623 321 2718 άκάμοις
339 2632 379 2694 cl.
402 2631 566 2695 Hermann.
592 2631 701 2716 Opuso.
723 2631 759 2695 Τ.
784 2631 836 2698 tlt.
858 2656 890 2718 p.
916 2633 993 2702 217.
1044 2633 1196 2717 Simplicia
1219 2633 1293 2697 duo·

182 2753 250 2800 rum
272 2753 416 2818 generum
435 2744 519 2808 sunt,
539 2733 599 2796 nisi
621 2754 695 2816 quae
725 2745 778 2797 ant
799 2745 923 2800 naturae
949 2734 1180 2820 legealterutri
1202 2735 1295 2800 sexui

182 2835 388 2899 attribuuntur
415 2843 467 2896 out
491 2855 563 2901 usos
592 2835 716 2918 quodam
743 2835 867 2899 arbitrio
896 2837 980 2901 velut
1007 2828 1110 2910 τοκάς
1122 2884 1133 2915 ,
1165 2829 1290 2924 μαιάς,

180 2933 299 3019 δοιάς,
322 2925 427 3022 σοβάς
450 2945 508 2998 etc.
532 2956 697 3022 quanquam
716 2937 789 3002 haee
808 2959 922 3023 quoque
944 2940 976 3002 in
997 2939 1090 3020 alind,
1114 2951 1204 3024 atque
1225 2941 1294 3024 pri·

76 3029 79 3035 ’
182 3060 263 3103 mum
285 3037 473 3102 denominata
503 3046 586 3112 sunt,
617 3039 776 3102 transferri
809 3039 962 3116 videmus,
997 3036 1145 3127 μαινάδι
1179 3041 1292 3128 λαιμῷ

181 3137 290 3209 loann.
317 3137 392 3204 Gau.
414 3139 524 3224 Eophr.
548 3161 580 3204 v.
605 3139 679 3205 518.
707 3133 843 3228 φοιτάδι
864 3136 985 3233 μόχθῳ
1007 3141 1103 3209 vste.
1128 3139 1294 3232 άποφράς

183 3238 372 3330 άνδραπος
390 3242 422 3304 in
444 3242 601 3306 notissimo
623 3264 716 3307 versu
734 3243 839 3328 Etym.
861 3245 902 3308 M.
927 3268 957 3331 p.
983 3244 1057 3322 131,
1080 3244 1136 3312 20.
1171 3245 1292 3311 Neutro

183 3355 284 3409 autem
305 3355 339 3407 nt
359 3344 537 3428 copulentur
558 3367 618 3408 non
639 3343 712 3408 licet
733 3344 792 3408 nisi
813 3347 845 3408 in
864 3349 980 3412 casibus
995 3349 1046 3425 iis,
1070 3370 1197 3436 quorum
1210 3349 1292 3414 idern

183 3467 239 3532 per
259 3445 357 3537 omnia
371 3436 609 3528 genera'exitus,
633 3438 779 3531 δρομάδι
797 3438 902 3535 κάλῳ,
923 3447 1072 3538 δρομάσι
1088 3446 1290 3540 βλεφάροις,

184 3541 322 3634 φοιτάσι
337 3559 490 3631 πτεροῖς,
516 3542 662 3632 μανιάσι
682 3545 909 3634 λυσσήμασιν,
932 3555 968 3617 ed
991 3574 1065 3638 quae
1088 3555 1202 3639 primus
1225 3549 1292 3618 auti-
1316 3553 1323 3560 ’

181 3647 343 3713 madvertit
363 3646 391 3709 J.
417 3647 550 3732 Scaliger
578 3650 615 3711 ad
643 3648 748 3712 Manil.
773 3649 811 3714 V.
834 3650 910 3718 632.
933 3667 1037 3740 postea
1059 3657 1231 3722 Brnnekim
1253 3657 1291 3720 ad

182 3748 295 3814 Aeson
320 3747 402 3830 Sept.
424 3748 499 3814 266.
523 3750 725 3814 accumulavit
744 3749 936 3835 Tragieorum
960 3759 1119 3842 exempla«
1156 3758 1215 3822 Sed
1240 3779 1291 3824 ea·

181 3851 251 3912 dem
269 3849 411 3912 ‘libertate
431 3869 503 3913 nens
523 3850 703 3914 Aristoteles
733 3851 768 3914 de
789 3853 871 3920 l’aut.
895 3859 995 3923 Anien.
1021 3859 1073 3923 lll.
1093 3859 1130 3924 ὅ.
1153 3881 1184 3943 ρ.
1205 3857 1289 3938 668,

182 3950 218 4015 7.
242 3950 304 4017 τοῦ
336 3945 492 4035 σώματος
517 3947 643 4042 ρσάδος
667 3952 857 4038 γενομένοα
885 3963 941 4031 καλ
969 3960 1105 4049 μανοῦ,
1134 3979 1193 4045 qno
1219 3959 1290 4046 pluo

59 4071 62 4077 “
184 4051 358 4118 offensionis
380 4052 502 4118 haberet
526 4052 591 4121 τοῦ
622 4049 748 4145 ραάδος
771 4052 938 4146 σώματος.
983 4065 1096 4130 Verum
1124 4073 1229 4127 tamen
1259 4063 1290 4127 id

184 4175 301 4242 quoque
332 4175 421 4222 ausus
449 4165 497 4224 est
523 4157 673 4246 Oppianus
704 4153 782 4247 Cyn·
806 4157 858 4229 lV·
880 4165 957 4236 222.
985 4163 1122 4257 σπάρτῳ
1142 4165 1288 4253 σαλαβι·Ι
