<?xml version="1.0" encoding="UTF-8"?>
<!DOCTYPE html PUBLIC "-//W3C//DTD XHTML 1.0 Transitional//EN"
    "http://www.w3.org/TR/xhtml1/DTD/xhtml1-transitional.dtd">
<html xmlns="http://www.w3.org/1999/xhtml" xml:lang="en" lang="en">
 <head>
  <title>
</title>
<meta http-equiv="Content-Type" content="text/html;charset=utf-8" />
  <meta name='ocr-system' content='tesseract 3.04.00' />
  <meta name='ocr-capabilities' content='ocr_page ocr_carea ocr_par ocr_line ocrx_word'/>
</head>
<body>
  <div class='ocr_page' id='page_1' title='image "./paralipomenagra02lobegoog_0140.png"; bbox 0 0 2792 4725; ppageno 0'>
   <div class='ocr_carea' id='block_1_1' title="bbox 160 286 917 362">
    <p class='ocr_par' dir='ltr' id='par_1_1' title="bbox 160 286 917 362">
     <span class='ocr_line' id='line_1_1' title="bbox 160 286 917 362; baseline -0.013 0"><span class='ocrx_word' id='word_1_1' title='bbox 160 293 230 362; x_wconf 71' lang='lat'><strong>122</strong></span> <span class='ocrx_word' id='word_1_2' title='bbox 523 287 842 355; x_wconf 76' lang='lat' dir='ltr'><strong>nlssnnrsrtc</strong></span> <span class='ocrx_word' id='word_1_3' title='bbox 871 286 917 353; x_wconf 93' lang='lat' dir='ltr'><strong>ll.</strong></span> 
     </span>
    </p>
   </div>
   <div class='ocr_carea' id='block_1_2' title="bbox 74 461 1276 972">
    <p class='ocr_par' dir='ltr' id='par_1_2' title="bbox 74 461 1276 972">
     <span class='ocr_line' id='line_1_2' title="bbox 161 461 1275 594; baseline -0.006 -53"><span class='ocrx_word' id='word_1_4' title='bbox 161 475 261 542; x_wconf 87' lang='lat' dir='ltr'><strong>tiones</strong></span> <span class='ocrx_word' id='word_1_5' title='bbox 282 471 433 538; x_wconf 80' lang='lat' dir='ltr'><strong>adverbiis</strong></span> <span class='ocrx_word' id='word_1_6' title='bbox 450 489 568 594; x_wconf 83' lang='lat' dir='ltr'><strong>qpcquc</strong></span> <span class='ocrx_word' id='word_1_7' title='bbox 588 467 722 534; x_wconf 74' lang='lat' dir='ltr'>redditae</span> <span class='ocrx_word' id='word_1_8' title='bbox 744 479 817 533; x_wconf 87' lang='lat' dir='ltr'><strong>sunt</strong></span> <span class='ocrx_word' id='word_1_9' title='bbox 837 461 939 554; x_wconf 77' lang='grc' dir='ltr'><strong><em>σίμαίξ,</em></strong></span> <span class='ocrx_word' id='word_1_10' title='bbox 959 464 1112 555; x_wconf 81' lang='grc' dir='ltr'><strong><em>προτόψ,</em></strong></span> <span class='ocrx_word' id='word_1_11' title='bbox 1133 462 1275 567; x_wconf 78' lang='grc' dir='ltr'><strong><em>α’ναμίξ,</em></strong></span> 
     </span>
     <span class='ocr_line' id='line_1_3' title="bbox 161 565 1275 664; baseline -0.007 -20"><span class='ocrx_word' id='word_1_12' title='bbox 161 569 276 658; x_wconf 67' lang='lat' dir='ltr'><strong>tutele,</strong></span> <span class='ocrx_word' id='word_1_13' title='bbox 298 573 400 664; x_wconf 77' lang='grc' dir='ltr'><strong><em>μίγα,</em></strong></span> <span class='ocrx_word' id='word_1_14' title='bbox 422 567 554 661; x_wconf 85' lang='grc' dir='ltr'><strong><em>ιιριίφα,</em></strong></span> <span class='ocrx_word' id='word_1_15' title='bbox 576 565 711 660; x_wconf 36' lang='grc' dir='ltr'><strong><em>λίγαᾋ</em></strong></span> <span class='ocrx_word' id='word_1_16' title='bbox 686 595 780 660; x_wconf 78' lang='grc' dir='ltr'><strong><em>αγχι,</em></strong></span> <span class='ocrx_word' id='word_1_17' title='bbox 803 570 869 658; x_wconf 87' lang='grc' dir='ltr'><strong><em>ίφι,</em></strong></span> <span class='ocrx_word' id='word_1_18' title='bbox 890 571 987 657; x_wconf 80' lang='grc' dir='ltr'><strong><em>τῆλν,</em></strong></span> <span class='ocrx_word' id='word_1_19' title='bbox 1014 592 1107 656; x_wconf 87' lang='lat' dir='ltr'><strong>eaque</strong></span> <span class='ocrx_word' id='word_1_20' title='bbox 1129 573 1275 655; x_wconf 89' lang='lat' dir='ltr'><strong>temporis</strong></span> 
     </span>
     <span class='ocr_line' id='line_1_4' title="bbox 74 666 1274 766; baseline -0.003 -22"><span class='ocrx_word' id='word_1_21' title='bbox 74 685 82 700; x_wconf 72' lang='lat'><em>⁶</em></span> <span class='ocrx_word' id='word_1_22' title='bbox 161 701 324 766; x_wconf 81' lang='lat' dir='ltr'><strong>progressu</strong></span> <span class='ocrx_word' id='word_1_23' title='bbox 350 677 439 742; x_wconf 88' lang='lat' dir='ltr'><strong>novis</strong></span> <span class='ocrx_word' id='word_1_24' title='bbox 463 687 552 740; x_wconf 87' lang='lat' dir='ltr'><strong>aucta</strong></span> <span class='ocrx_word' id='word_1_25' title='bbox 576 685 647 740; x_wconf 90' lang='lat' dir='ltr'><strong>snut</strong></span> <span class='ocrx_word' id='word_1_26' title='bbox 671 674 883 750; x_wconf 78' lang='lat' dir='ltr'><strong>incrementis,</strong></span> <span class='ocrx_word' id='word_1_27' title='bbox 913 666 1067 762; x_wconf 65' lang='lat' dir='ltr'><strong>perpolite,</strong></span> <span class='ocrx_word' id='word_1_28' title='bbox 1096 672 1274 761; x_wconf 77' lang='grc' dir='ltr'><strong><em>ιιρσφσίόις,</em></strong></span> 
     </span>
     <span class='ocr_line' id='line_1_5' title="bbox 160 777 1275 872; baseline -0.007 -22"><span class='ocrx_word' id='word_1_29' title='bbox 160 778 334 872; x_wconf 72' lang='grc' dir='ltr'><strong>κρυφηδόν</strong></span> <span class='ocrx_word' id='word_1_30' title='bbox 355 791 415 844; x_wconf 88' lang='lat' dir='ltr'><strong>etc.</strong></span> <span class='ocrx_word' id='word_1_31' title='bbox 441 779 579 864; x_wconf 89' lang='lat' dir='ltr'><strong>exemplo</strong></span> <span class='ocrx_word' id='word_1_32' title='bbox 601 778 719 853; x_wconf 86' lang='lat' dir='ltr'><strong>eodem,</strong></span> <span class='ocrx_word' id='word_1_33' title='bbox 743 798 800 860; x_wconf 86' lang='lat' dir='ltr'><strong>quo</strong></span> <span class='ocrx_word' id='word_1_34' title='bbox 823 777 976 840; x_wconf 87' lang='lat' dir='ltr'><strong>nominum</strong></span> <span class='ocrx_word' id='word_1_35' title='bbox 998 777 1107 862; x_wconf 90' lang='lat' dir='ltr'><strong>stirpes</strong></span> <span class='ocrx_word' id='word_1_36' title='bbox 1129 778 1275 842; x_wconf 79' lang='lat' dir='ltr'><strong>informes</strong></span> 
     </span>
     <span class='ocr_line' id='line_1_6' title="bbox 161 879 1276 972; baseline -0.004 -23"><span class='ocrx_word' id='word_1_37' title='bbox 161 895 194 951; x_wconf 89' lang='lat' dir='ltr'><strong>ct</strong></span> <span class='ocrx_word' id='word_1_38' title='bbox 218 884 376 948; x_wconf 77' lang='lat' dir='ltr'><strong>inchoatae</strong></span> <span class='ocrx_word' id='word_1_39' title='bbox 403 882 624 972; x_wconf 77' lang='lat' dir='ltr'><strong>articulationis</strong></span> <span class='ocrx_word' id='word_1_40' title='bbox 651 900 741 944; x_wconf 91' lang='lat' dir='ltr'><strong>causa</strong></span> <span class='ocrx_word' id='word_1_41' title='bbox 768 880 996 943; x_wconf 77' lang='lat' dir='ltr'><strong>terminationes</strong></span> <span class='ocrx_word' id='word_1_42' title='bbox 1023 879 1161 944; x_wconf 80' lang='lat' dir='ltr'><strong>ascivere</strong></span> <span class='ocrx_word' id='word_1_43' title='bbox 1184 901 1276 944; x_wconf 88' lang='lat' dir='ltr'><strong>voca·</strong></span> 
     </span>
    </p>
   </div>
   <div class='ocr_carea' id='block_1_3' title="bbox 161 977 1276 1071">
    <p class='ocr_par' dir='ltr' id='par_1_3' title="bbox 161 977 1276 1071">
     <span class='ocr_line' id='line_1_7' title="bbox 161 977 1276 1071; baseline -0.006 -19"><span class='ocrx_word' id='word_1_44' title='bbox 161 988 272 1063; x_wconf 86' lang='lat' dir='ltr'><strong>licrcs,</strong></span> <span class='ocrx_word' id='word_1_45' title='bbox 302 980 465 1071; x_wconf 73' lang='grc' dir='ltr'><strong><em>ἄλφιτον,</em></strong></span> <span class='ocrx_word' id='word_1_46' title='bbox 493 978 654 1070; x_wconf 73' lang='grc' dir='ltr'><strong><em>ἄλειφαρ,</em></strong></span> <span class='ocrx_word' id='word_1_47' title='bbox 682 977 846 1068; x_wconf 77' lang='grc' dir='ltr'><strong><em>ὕφασμα,</em></strong></span> <span class='ocrx_word' id='word_1_48' title='bbox 884 982 989 1066; x_wconf 86' lang='lat' dir='ltr'><strong>quibus</strong></span> <span class='ocrx_word' id='word_1_49' title='bbox 1016 982 1123 1046; x_wconf 88' lang='lat' dir='ltr'><strong>demtis</strong></span> <span class='ocrx_word' id='word_1_50' title='bbox 1152 982 1276 1045; x_wconf 87' lang='lat' dir='ltr'><strong>nomina</strong></span> 
     </span>
    </p>
   </div>
   <div class='ocr_carea' id='block_1_4' title="bbox 68 1082 1288 2108">
    <p class='ocr_par' dir='ltr' id='par_1_4' title="bbox 68 1082 1288 2096">
     <span class='ocr_line' id='line_1_8' title="bbox 162 1082 1275 1169; baseline -0.005 -15"><span class='ocrx_word' id='word_1_51' title='bbox 162 1111 231 1154; x_wconf 84' lang='lat' dir='ltr'><strong>eum</strong></span> <span class='ocrx_word' id='word_1_52' title='bbox 251 1088 402 1153; x_wconf 81' lang='lat' dir='ltr'><strong>adverbiis</strong></span> <span class='ocrx_word' id='word_1_53' title='bbox 423 1088 456 1150; x_wconf 93' lang='lat' dir='ltr'><strong>iu</strong></span> <span class='ocrx_word' id='word_1_54' title='bbox 476 1108 569 1150; x_wconf 93' lang='lat' dir='ltr'><strong>nuum</strong></span> <span class='ocrx_word' id='word_1_55' title='bbox 592 1086 763 1160; x_wconf 82' lang='lat' dir='ltr'><strong>confluunt,</strong></span> <span class='ocrx_word' id='word_1_56' title='bbox 787 1105 855 1148; x_wconf 92' lang='lat' dir='ltr'><strong>nam</strong></span> <span class='ocrx_word' id='word_1_57' title='bbox 878 1083 961 1151; x_wconf 90' lang='grc' dir='ltr'><strong><em>λίπα</em></strong></span> <span class='ocrx_word' id='word_1_58' title='bbox 984 1096 1015 1148; x_wconf 86' lang='lat' dir='ltr'><strong>et</strong></span> <span class='ocrx_word' id='word_1_59' title='bbox 1036 1107 1090 1169; x_wconf 89' lang='lat' dir='ltr'><strong>pro</strong></span> <span class='ocrx_word' id='word_1_60' title='bbox 1110 1082 1209 1158; x_wconf 81' lang='grc' dir='ltr'><strong><em>λίπος</em></strong></span> <span class='ocrx_word' id='word_1_61' title='bbox 1232 1084 1275 1148; x_wconf 91' lang='lat' dir='ltr'><strong>di·</strong></span> 
     </span>
     <span class='ocr_line' id='line_1_9' title="bbox 162 1180 1274 1276; baseline -0.008 -18"><span class='ocrx_word' id='word_1_62' title='bbox 162 1193 243 1258; x_wconf 89' lang='lat' dir='ltr'><strong>citur</strong></span> <span class='ocrx_word' id='word_1_63' title='bbox 260 1203 291 1256; x_wconf 90' lang='lat' dir='ltr'><strong>ct</strong></span> <span class='ocrx_word' id='word_1_64' title='bbox 307 1212 360 1276; x_wconf 89' lang='lat' dir='ltr'><strong>pro</strong></span> <span class='ocrx_word' id='word_1_65' title='bbox 377 1190 536 1275; x_wconf 76' lang='grc' dir='ltr'><strong><em>λιπαρῶς,</em></strong></span> <span class='ocrx_word' id='word_1_66' title='bbox 556 1211 653 1273; x_wconf 85' lang='lat' dir='ltr'><strong>neque</strong></span> <span class='ocrx_word' id='word_1_67' title='bbox 672 1183 764 1274; x_wconf 81' lang='grc' dir='ltr'><strong><em>σ’ίμσξ</em></strong></span> <span class='ocrx_word' id='word_1_68' title='bbox 781 1188 817 1250; x_wconf 91' lang='lat' dir='ltr'><strong>ab</strong></span> <span class='ocrx_word' id='word_1_69' title='bbox 836 1180 926 1273; x_wconf 83' lang='grc' dir='ltr'><strong><em>σίμόξ</em></strong></span> <span class='ocrx_word' id='word_1_70' title='bbox 945 1187 1035 1251; x_wconf 89' lang='lat' dir='ltr'><strong>distat</strong></span> <span class='ocrx_word' id='word_1_71' title='bbox 1057 1187 1116 1250; x_wconf 93' lang='lat' dir='ltr'><strong>nisi</strong></span> <span class='ocrx_word' id='word_1_72' title='bbox 1134 1199 1274 1252; x_wconf 88' lang='lat' dir='ltr'><strong>accentu.</strong></span> 
     </span>
     <span class='ocr_line' id='line_1_10' title="bbox 161 1288 1274 1378; baseline -0.004 -21"><span class='ocrx_word' id='word_1_73' title='bbox 161 1293 208 1357; x_wconf 87' lang='lat' dir='ltr'><strong>De</strong></span> <span class='ocrx_word' id='word_1_74' title='bbox 228 1293 442 1378; x_wconf 82' lang='lat' dir='ltr'><strong>monosyllabis</strong></span> <span class='ocrx_word' id='word_1_75' title='bbox 468 1293 546 1376; x_wconf 89' lang='lat' dir='ltr'><strong>quod</strong></span> <span class='ocrx_word' id='word_1_76' title='bbox 571 1291 652 1366; x_wconf 79' lang='lat' dir='ltr'><strong>dini,</strong></span> <span class='ocrx_word' id='word_1_77' title='bbox 684 1292 762 1354; x_wconf 88' lang='lat' dir='ltr'><strong>idem</strong></span> <span class='ocrx_word' id='word_1_78' title='bbox 786 1292 822 1354; x_wconf 85' lang='lat' dir='ltr'><strong>dc</strong></span> <span class='ocrx_word' id='word_1_79' title='bbox 843 1288 997 1376; x_wconf 88' lang='lat' dir='ltr'><strong>bisyllabis</strong></span> <span class='ocrx_word' id='word_1_80' title='bbox 1021 1290 1150 1374; x_wconf 85' lang='lat' dir='ltr'><strong>intelligi</strong></span> <span class='ocrx_word' id='word_1_81' title='bbox 1173 1290 1274 1364; x_wconf 91' lang='lat' dir='ltr'><strong>debet,</strong></span> 
     </span>
     <span class='ocr_line' id='line_1_11' title="bbox 163 1388 1275 1480; baseline -0.006 -20"><span class='ocrx_word' id='word_1_82' title='bbox 163 1416 288 1480; x_wconf 86' lang='lat' dir='ltr'><strong>qnorum</strong></span> <span class='ocrx_word' id='word_1_83' title='bbox 310 1394 426 1480; x_wconf 86' lang='lat' dir='ltr'><strong>syllaba</strong></span> <span class='ocrx_word' id='word_1_84' title='bbox 446 1394 596 1477; x_wconf 85' lang='lat' dir='ltr'><strong>posterior</strong></span> <span class='ocrx_word' id='word_1_85' title='bbox 620 1395 656 1457; x_wconf 92' lang='lat' dir='ltr'><strong>ad</strong></span> <span class='ocrx_word' id='word_1_86' title='bbox 677 1393 771 1477; x_wconf 85' lang='lat' dir='ltr'><strong>ipsam</strong></span> <span class='ocrx_word' id='word_1_87' title='bbox 796 1393 920 1477; x_wconf 86' lang='lat' dir='ltr'><strong>stirpem</strong></span> <span class='ocrx_word' id='word_1_88' title='bbox 945 1395 1077 1476; x_wconf 80' lang='lat' dir='ltr'><strong>pertinet</strong></span> <span class='ocrx_word' id='word_1_89' title='bbox 1100 1388 1189 1480; x_wconf 77' lang='grc' dir='ltr'><strong><em>σίβαξ</em></strong></span> <span class='ocrx_word' id='word_1_90' title='bbox 1214 1393 1275 1474; x_wconf 94' lang='lat' dir='ltr'><strong>(iu-</strong></span> 
     </span>
     <span class='ocr_line' id='line_1_12' title="bbox 160 1487 1275 1584; baseline -0.004 -22"><span class='ocrx_word' id='word_1_91' title='bbox 160 1495 255 1581; x_wconf 88' lang='lat' dir='ltr'><strong>ians),</strong></span> <span class='ocrx_word' id='word_1_92' title='bbox 278 1487 407 1584; x_wconf 78' lang='grc' dir='ltr'><strong><em>βιίβαξ,</em></strong></span> <span class='ocrx_word' id='word_1_93' title='bbox 428 1491 531 1582; x_wconf 73' lang='grc' dir='ltr'><strong><em>σ’ίριοξ,</em></strong></span> <span class='ocrx_word' id='word_1_94' title='bbox 553 1489 650 1573; x_wconf 80' lang='grc' dir='ltr'><strong><em>όνσξ,</em></strong></span> <span class='ocrx_word' id='word_1_95' title='bbox 672 1489 762 1580; x_wconf 88' lang='grc' dir='ltr'><strong><em>όροξ.</em></strong></span> <span class='ocrx_word' id='word_1_96' title='bbox 800 1495 926 1559; x_wconf 88' lang='lat' dir='ltr'><strong>Veteres</strong></span> <span class='ocrx_word' id='word_1_97' title='bbox 948 1516 1023 1558; x_wconf 88' lang='lat' dir='ltr'><strong>vcro</strong></span> <span class='ocrx_word' id='word_1_98' title='bbox 1047 1517 1107 1558; x_wconf 90' lang='lat' dir='ltr'><strong>non</strong></span> <span class='ocrx_word' id='word_1_99' title='bbox 1129 1495 1203 1560; x_wconf 90' lang='lat' dir='ltr'><strong>baec</strong></span> <span class='ocrx_word' id='word_1_100' title='bbox 1225 1515 1275 1558; x_wconf 92' lang='lat' dir='ltr'><strong>so-</strong></span> 
     </span>
     <span class='ocr_line' id='line_1_13' title="bbox 163 1597 1288 1685; baseline -0.003 -22"><span class='ocrx_word' id='word_1_101' title='bbox 163 1599 225 1663; x_wconf 91' lang='lat' dir='ltr'><strong>lum</strong></span> <span class='ocrx_word' id='word_1_102' title='bbox 247 1599 388 1662; x_wconf 82' lang='lat' dir='ltr'><strong>afuturo</strong></span> <span class='ocrx_word' id='word_1_103' title='bbox 411 1610 568 1683; x_wconf 89' lang='lat' dir='ltr'><strong>repetunt,</strong></span> <span class='ocrx_word' id='word_1_104' title='bbox 594 1599 646 1662; x_wconf 89' lang='lat' dir='ltr'><strong>scd</strong></span> <span class='ocrx_word' id='word_1_105' title='bbox 668 1599 794 1662; x_wconf 68' lang='lat' dir='ltr'><strong>mndem</strong></span> <span class='ocrx_word' id='word_1_106' title='bbox 817 1598 965 1685; x_wconf 80' lang='lat' dir='ltr'><strong>rationem</strong></span> <span class='ocrx_word' id='word_1_107' title='bbox 986 1597 1024 1659; x_wconf 89' lang='lat' dir='ltr'><strong>ad</strong></span> <span class='ocrx_word' id='word_1_108' title='bbox 1044 1599 1137 1661; x_wconf 88' lang='lat' dir='ltr'><strong>verba</strong></span> <span class='ocrx_word' id='word_1_109' title='bbox 1158 1617 1288 1681; x_wconf 51' lang='lat' dir='ltr'><strong>quoquc.</strong></span> 
     </span>
     <span class='ocr_line' id='line_1_14' title="bbox 160 1692 1275 1789; baseline 0 -25"><span class='ocrx_word' id='word_1_110' title='bbox 160 1701 296 1764; x_wconf 83' lang='lat' dir='ltr'><strong>derivata</strong></span> <span class='ocrx_word' id='word_1_111' title='bbox 316 1703 522 1778; x_wconf 88' lang='lat' dir='ltr'><strong>transierunt,</strong></span> <span class='ocrx_word' id='word_1_112' title='bbox 544 1697 673 1787; x_wconf 82' lang='grc' dir='ltr'><strong><em>σίρπαξ,</em></strong></span> <span class='ocrx_word' id='word_1_113' title='bbox 696 1692 856 1789; x_wconf 76' lang='grc' dir='ltr'><strong><em>οιίλπιγξ,</em></strong></span> <span class='ocrx_word' id='word_1_114' title='bbox 881 1694 999 1787; x_wconf 80' lang='grc' dir='ltr'><strong><em>νήρνξ,</em></strong></span> <span class='ocrx_word' id='word_1_115' title='bbox 1026 1698 1134 1780; x_wconf 75' lang='grc' dir='ltr'><strong><em>ἐλπίς,</em></strong></span> <span class='ocrx_word' id='word_1_116' title='bbox 1156 1699 1275 1787; x_wconf 72' lang='grc' dir='ltr'><strong><em>γῆρας,</em></strong></span> 
     </span>
     <span class='ocr_line' id='line_1_15' title="bbox 161 1795 1277 1894; baseline -0.006 -23"><span class='ocrx_word' id='word_1_117' title='bbox 161 1795 273 1894; x_wconf 81' lang='grc' dir='ltr'><strong><em>ἰσχός,</em></strong></span> <span class='ocrx_word' id='word_1_118' title='bbox 301 1803 338 1866; x_wconf 92' lang='lat' dir='ltr'><strong>ab</strong></span> <span class='ocrx_word' id='word_1_119' title='bbox 360 1796 513 1890; x_wconf 82' lang='grc' dir='ltr'><strong><em>ιίρπιίξσι,</em></strong></span> <span class='ocrx_word' id='word_1_120' title='bbox 535 1802 659 1870; x_wconf 78' lang='grc' dir='ltr'><strong><em>ἐλπίσω</em></strong></span> <span class='ocrx_word' id='word_1_121' title='bbox 682 1814 742 1868; x_wconf 84' lang='grc' dir='ltr'><strong><em>σισ.</em></strong></span> <span class='ocrx_word' id='word_1_122' title='bbox 766 1815 974 1882; x_wconf 70' lang='lat' dir='ltr'><strong>accesserim,</strong></span> <span class='ocrx_word' id='word_1_123' title='bbox 1007 1804 1066 1867; x_wconf 89' lang='lat' dir='ltr'><strong>etsi</strong></span> <span class='ocrx_word' id='word_1_124' title='bbox 1088 1803 1154 1866; x_wconf 89' lang='lat' dir='ltr'><strong>fieri</strong></span> <span class='ocrx_word' id='word_1_125' title='bbox 1175 1809 1277 1886; x_wconf 89' lang='lat' dir='ltr'><strong>potest</strong></span> 
     </span>
     <span class='ocr_line' id='line_1_16' title="bbox 161 1904 1277 1992; baseline -0.004 -21"><span class='ocrx_word' id='word_1_126' title='bbox 161 1918 197 1971; x_wconf 88' lang='lat' dir='ltr'><strong>nt</strong></span> <span class='ocrx_word' id='word_1_127' title='bbox 218 1905 311 1980; x_wconf 77' lang='grc' dir='ltr'><strong><em>ἐλπίς</em></strong></span> <span class='ocrx_word' id='word_1_128' title='bbox 333 1917 364 1970; x_wconf 90' lang='lat' dir='ltr'><strong>et</strong></span> <span class='ocrx_word' id='word_1_129' title='bbox 384 1928 457 1992; x_wconf 79' lang='lat' dir='ltr'><strong>spec</strong></span> <span class='ocrx_word' id='word_1_130' title='bbox 476 1907 557 1992; x_wconf 89' lang='lat' dir='ltr'><strong>prius</strong></span> <span class='ocrx_word' id='word_1_131' title='bbox 581 1916 684 1970; x_wconf 88' lang='lat' dir='ltr'><strong>natum</strong></span> <span class='ocrx_word' id='word_1_132' title='bbox 706 1906 747 1971; x_wconf 91' lang='lat' dir='ltr'><strong>sit</strong></span> <span class='ocrx_word' id='word_1_133' title='bbox 769 1929 856 1992; x_wconf 88' lang='lat' dir='ltr'><strong>quam</strong></span> <span class='ocrx_word' id='word_1_134' title='bbox 879 1904 998 1986; x_wconf 72' lang='grc' dir='ltr'><strong><em>ἐλπίζω</em></strong></span> <span class='ocrx_word' id='word_1_135' title='bbox 1022 1917 1053 1970; x_wconf 91' lang='lat' dir='ltr'><strong>et</strong></span> <span class='ocrx_word' id='word_1_136' title='bbox 1074 1925 1177 1990; x_wconf 77' lang='lat' dir='ltr'><strong>spero.</strong></span> <span class='ocrx_word' id='word_1_137' title='bbox 1214 1904 1277 1967; x_wconf 88' lang='lat' dir='ltr'><strong>llu-</strong></span> 
     </span>
     <span class='ocr_line' id='line_1_17' title="bbox 68 2008 1276 2108; baseline -0.002 -33"><span class='ocrx_word' id='word_1_138' title='bbox 68 2054 71 2063; x_wconf 54' lang='grc' dir='ltr'><strong><em>ι</em></strong></span> <span class='ocrx_word' id='word_1_139' title='bbox 156 2010 290 2096; x_wconf 84' lang='lat' dir='ltr'><strong>jusmodi</strong></span> <span class='ocrx_word' id='word_1_140' title='bbox 314 2019 413 2073; x_wconf 89' lang='lat' dir='ltr'><strong>antem</strong></span> <span class='ocrx_word' id='word_1_141' title='bbox 439 2010 610 2073; x_wconf 87' lang='lat' dir='ltr'><strong>nominibus</strong></span> <span class='ocrx_word' id='word_1_142' title='bbox 634 2011 760 2074; x_wconf 90' lang='lat' dir='ltr'><strong>duarum</strong></span> <span class='ocrx_word' id='word_1_143' title='bbox 783 2019 812 2072; x_wconf 88' lang='lat' dir='ltr'><strong>ct</strong></span> <span class='ocrx_word' id='word_1_144' title='bbox 835 2008 915 2072; x_wconf 87' lang='lat' dir='ltr'><strong>ultra</strong></span> <span class='ocrx_word' id='word_1_145' title='bbox 936 2010 1121 2108; x_wconf 85' lang='lat' dir='ltr'><strong>syllabarum</strong></span> <span class='ocrx_word' id='word_1_146' title='bbox 1145 2008 1276 2073; x_wconf 87' lang='lat' dir='ltr'><strong>Gracco·</strong></span> 
     </span>
    </p>
   </div>
   <div class='ocr_carea' id='block_1_5' title="bbox 161 2098 1275 2234">
    <p class='ocr_par' dir='ltr' id='par_1_5' title="bbox 161 2098 1275 2234">
     <span class='ocr_line' id='line_1_18' title="bbox 161 2098 1275 2234; baseline -0.001 -57"><span class='ocrx_word' id='word_1_147' title='bbox 161 2134 230 2177; x_wconf 89' lang='lat' dir='ltr'><strong>rum</strong></span> <span class='ocrx_word' id='word_1_148' title='bbox 252 2134 351 2178; x_wconf 85' lang='lat' dir='ltr'><strong>sermo</strong></span> <span class='ocrx_word' id='word_1_149' title='bbox 371 2111 485 2188; x_wconf 84' lang='lat' dir='ltr'><strong>affluit,</strong></span> <span class='ocrx_word' id='word_1_150' title='bbox 508 2107 653 2234; x_wconf 73' lang='lat' dir='ltr'><strong>pioluyc5,</strong></span> <span class='ocrx_word' id='word_1_151' title='bbox 674 2105 805 2198; x_wconf 80' lang='grc' dir='ltr'><strong><em>κσίμαξ,</em></strong></span> <span class='ocrx_word' id='word_1_152' title='bbox 830 2104 945 2190; x_wconf 83' lang='grc' dir='ltr'><strong><em>οιίλαξ,</em></strong></span> <span class='ocrx_word' id='word_1_153' title='bbox 918 2098 1135 2198; x_wconf 78' lang='grc' dir='ltr'><strong><em>ξαρριίβαξ,</em></strong></span> <span class='ocrx_word' id='word_1_154' title='bbox 1158 2102 1275 2199; x_wconf 85' lang='grc' dir='ltr'><strong><em>χόραξ,</em></strong></span> 
     </span>
    </p>
   </div>
   <div class='ocr_carea' id='block_1_6' title="bbox 161 2192 1276 2513">
    <p class='ocr_par' dir='ltr' id='par_1_6' title="bbox 161 2192 1276 2513">
     <span class='ocr_line' id='line_1_19' title="bbox 162 2192 1276 2336; baseline -0.004 -53"><span class='ocrx_word' id='word_1_155' title='bbox 162 2217 240 2294; x_wconf 77' lang='grc' dir='ltr'><strong><em>ἕλιξ,</em></strong></span> <span class='ocrx_word' id='word_1_156' title='bbox 262 2192 355 2332; x_wconf 69' lang='grc' dir='ltr'><strong><em>ἲλιφξ,</em></strong></span> <span class='ocrx_word' id='word_1_157' title='bbox 378 2213 499 2299; x_wconf 86' lang='grc' dir='ltr'><strong><em>φοίνιξ,</em></strong></span> <span class='ocrx_word' id='word_1_158' title='bbox 523 2209 671 2303; x_wconf 76' lang='grc' dir='ltr'><strong><em>στήριγξ,</em></strong></span> <span class='ocrx_word' id='word_1_159' title='bbox 693 2210 830 2301; x_wconf 82' lang='grc' dir='ltr'><strong><em>σ’ίμπσξ,</em></strong></span> <span class='ocrx_word' id='word_1_160' title='bbox 854 2207 1052 2336; x_wconf 83' lang='grc' dir='ltr'><strong><em>πσμφόλσξ,</em></strong></span> <span class='ocrx_word' id='word_1_161' title='bbox 1075 2205 1276 2301; x_wconf 48' lang='grc' dir='ltr'><strong><em>α’μσίρσγξὶ)</em></strong></span> 
     </span>
     <span class='ocr_line' id='line_1_20' title="bbox 162 2311 1274 2439; baseline -0.001 -55"><span class='ocrx_word' id='word_1_162' title='bbox 162 2330 194 2385; x_wconf 88' lang='lat' dir='ltr'><strong>ct</strong></span> <span class='ocrx_word' id='word_1_163' title='bbox 215 2339 291 2402; x_wconf 89' lang='lat' dir='ltr'><strong>quac</strong></span> <span class='ocrx_word' id='word_1_164' title='bbox 315 2318 348 2381; x_wconf 93' lang='lat' dir='ltr'><strong>in</strong></span> <span class='ocrx_word' id='word_1_165' title='bbox 369 2341 387 2393; x_wconf 80' lang='grc' dir='ltr'><strong><em>ς</em></strong></span> <span class='ocrx_word' id='word_1_166' title='bbox 411 2338 517 2439; x_wconf 85' lang='lat' dir='ltr'><strong>purpm</strong></span> <span class='ocrx_word' id='word_1_167' title='bbox 539 2318 699 2395; x_wconf 89' lang='lat' dir='ltr'><strong>desinunt,</strong></span> <span class='ocrx_word' id='word_1_168' title='bbox 731 2311 879 2398; x_wconf 80' lang='grc' dir='ltr'><strong><em>σ’ίλσς,’</em></strong></span> <span class='ocrx_word' id='word_1_169' title='bbox 857 2312 977 2408; x_wconf 66' lang='lat' dir='ltr'><strong>epodo,</strong></span> <span class='ocrx_word' id='word_1_170' title='bbox 1003 2341 1124 2420; x_wconf 71' lang='lat' dir='ltr'><strong>opace,</strong></span> <span class='ocrx_word' id='word_1_171' title='bbox 1150 2311 1274 2406; x_wconf 72' lang='lat' dir='ltr'><strong>(ipsene,</strong></span> 
     </span>
     <span class='ocr_line' id='line_1_21' title="bbox 161 2412 1275 2513; baseline -0.004 -24"><span class='ocrx_word' id='word_1_172' title='bbox 161 2413 275 2513; x_wconf 78' lang='grc' dir='ltr'><strong><em>σῖχλιίς,</em></strong></span> <span class='ocrx_word' id='word_1_173' title='bbox 297 2418 389 2498; x_wconf 69' lang='lat' dir='ltr'><strong>teda,</strong></span> <span class='ocrx_word' id='word_1_174' title='bbox 412 2412 512 2502; x_wconf 79' lang='grc' dir='ltr'><strong><em>οἰζύς,</em></strong></span> <span class='ocrx_word' id='word_1_175' title='bbox 532 2418 695 2511; x_wconf 77' lang='grc' dir='ltr'><strong><em>νσνθρός,</em></strong></span> <span class='ocrx_word' id='word_1_176' title='bbox 714 2434 827 2509; x_wconf 72' lang='lat' dir='ltr'><strong>ptrue,</strong></span> <span class='ocrx_word' id='word_1_177' title='bbox 849 2440 925 2505; x_wconf 86' lang='lat' dir='ltr'><strong>quae</strong></span> <span class='ocrx_word' id='word_1_178' title='bbox 947 2422 1048 2487; x_wconf 88' lang='lat' dir='ltr'><strong>omnia</strong></span> <span class='ocrx_word' id='word_1_179' title='bbox 1068 2422 1185 2508; x_wconf 88' lang='lat' dir='ltr'><strong>quidem</strong></span> <span class='ocrx_word' id='word_1_180' title='bbox 1203 2441 1275 2486; x_wconf 85' lang='lat' dir='ltr'><strong>ver-</strong></span> 
     </span>
    </p>
   </div>
   <div class='ocr_carea' id='block_1_7' title="bbox 165 2592 378 2607">
    <p class='ocr_par' dir='ltr' id='par_1_7' title="bbox 165 2592 378 2607">
     <span class='ocr_line' id='line_1_22' title="bbox 165 2592 378 2607; baseline -0.009 0"><span class='ocrx_word' id='word_1_181' title='bbox 165 2592 378 2607; x_wconf 47' lang='lat' dir='ltr'><strong>m</strong></span> 
     </span>
    </p>
   </div>
   <div class='ocr_carea' id='block_1_8' title="bbox 157 2690 1298 3626">
    <p class='ocr_par' dir='ltr' id='par_1_8' title="bbox 157 2690 1298 3626">
     <span class='ocr_line' id='line_1_23' title="bbox 164 2690 1274 2767; baseline -0.001 -20"><span class='ocrx_word' id='word_1_182' title='bbox 164 2696 245 2747; x_wconf 83' lang='lat' dir='ltr'><strong>nalem</strong></span> <span class='ocrx_word' id='word_1_183' title='bbox 262 2710 279 2747; x_wconf 82' lang='lat' dir='ltr'><strong>a</strong></span> <span class='ocrx_word' id='word_1_184' title='bbox 296 2696 454 2749; x_wconf 84' lang='lat' dir='ltr'><strong>nominativo</strong></span> <span class='ocrx_word' id='word_1_185' title='bbox 471 2692 540 2767; x_wconf 73' lang='grc' dir='ltr'><strong><em>φλόξ</em></strong></span> <span class='ocrx_word' id='word_1_186' title='bbox 557 2696 727 2757; x_wconf 84' lang='lat' dir='ltr'><strong>translatam,</strong></span> <span class='ocrx_word' id='word_1_187' title='bbox 746 2702 792 2747; x_wconf 89' lang='lat' dir='ltr'><strong>tau</strong></span> <span class='ocrx_word' id='word_1_188' title='bbox 811 2690 940 2747; x_wconf 81' lang='lat' dir='ltr'><strong>auxiliare</strong></span> <span class='ocrx_word' id='word_1_189' title='bbox 959 2696 1037 2747; x_wconf 84' lang='lat' dir='ltr'><strong>hebet</strong></span> <span class='ocrx_word' id='word_1_190' title='bbox 1055 2702 1086 2747; x_wconf 87' lang='lat' dir='ltr'><strong>ut</strong></span> <span class='ocrx_word' id='word_1_191' title='bbox 1103 2691 1209 2760; x_wconf 70' lang='lat' dir='ltr'><strong>uuerde,</strong></span> <span class='ocrx_word' id='word_1_192' title='bbox 1227 2690 1274 2749; x_wconf 86' lang='lat' dir='ltr'><strong>dol·</strong></span> 
     </span>
     <span class='ocr_line' id='line_1_24' title="bbox 160 2778 1274 2851; baseline -0.002 -17"><span class='ocrx_word' id='word_1_193' title='bbox 160 2798 281 2851; x_wconf 77' lang='grc' dir='ltr'><strong><em>μαρτσο,</em></strong></span> <span class='ocrx_word' id='word_1_194' title='bbox 304 2778 410 2835; x_wconf 77' lang='grc' dir='ltr'><strong><em>κλέπτα</em></strong></span> <span class='ocrx_word' id='word_1_195' title='bbox 427 2783 535 2849; x_wconf 86' lang='lat' dir='ltr'><strong>(clepo),</strong></span> <span class='ocrx_word' id='word_1_196' title='bbox 554 2778 664 2847; x_wconf 74' lang='lat' dir='ltr'><strong>medice,</strong></span> <span class='ocrx_word' id='word_1_197' title='bbox 690 2783 824 2850; x_wconf 87' lang='lat' dir='ltr'><strong>ipsumque</strong></span> <span class='ocrx_word' id='word_1_198' title='bbox 841 2782 951 2834; x_wconf 84' lang='lat' dir='ltr'><strong>latinum</strong></span> <span class='ocrx_word' id='word_1_199' title='bbox 970 2782 1039 2833; x_wconf 86' lang='lat' dir='ltr'><strong>lactc</strong></span> <span class='ocrx_word' id='word_1_200' title='bbox 1056 2784 1098 2848; x_wconf 93' lang='lat' dir='ltr'><strong>(ut</strong></span> <span class='ocrx_word' id='word_1_201' title='bbox 1116 2781 1202 2845; x_wconf 82' lang='lat' dir='ltr'><strong>usse),</strong></span> <span class='ocrx_word' id='word_1_202' title='bbox 1227 2798 1274 2848; x_wconf 92' lang='lat' dir='ltr'><strong>pro</strong></span> 
     </span>
     <span class='ocr_line' id='line_1_25' title="bbox 163 2855 1298 2957; baseline -0.001 -39"><span class='ocrx_word' id='word_1_203' title='bbox 163 2884 228 2935; x_wconf 89' lang='lat' dir='ltr'><strong>quo,</strong></span> <span class='ocrx_word' id='word_1_204' title='bbox 247 2869 271 2919; x_wconf 89' lang='lat' dir='ltr'><strong>si</strong></span> <span class='ocrx_word' id='word_1_205' title='bbox 289 2868 331 2919; x_wconf 82' lang='lat' dir='ltr'><strong>lac</strong></span> <span class='ocrx_word' id='word_1_206' title='bbox 347 2869 517 2919; x_wconf 87' lang='lat' dir='ltr'><strong>masculinum</strong></span> <span class='ocrx_word' id='word_1_207' title='bbox 535 2876 604 2919; x_wconf 87' lang='lat' dir='ltr'><strong>esset</strong></span> <span class='ocrx_word' id='word_1_208' title='bbox 622 2876 669 2919; x_wconf 85' lang='lat' dir='ltr'><strong>aut</strong></span> <span class='ocrx_word' id='word_1_209' title='bbox 687 2868 847 2929; x_wconf 76' lang='lat' dir='ltr'><strong>femininum,</strong></span> <span class='ocrx_word' id='word_1_210' title='bbox 868 2869 946 2919; x_wconf 70' lang='lat' dir='ltr'><strong>lucd&#39;s</strong></span> <span class='ocrx_word' id='word_1_211' title='bbox 964 2870 1096 2957; x_wconf 80' lang='lat' dir='ltr'><strong>dipcretur</strong></span> <span class='ocrx_word' id='word_1_212' title='bbox 1113 2876 1143 2920; x_wconf 91' lang='lat' dir='ltr'><strong>nt</strong></span> <span class='ocrx_word' id='word_1_213' title='bbox 1159 2868 1274 2935; x_wconf 85' lang='lat' dir='ltr'><strong>Capeus·</strong></span> <span class='ocrx_word' id='word_1_214' title='bbox 1295 2855 1298 2860; x_wconf 38' lang='lat'>¹</span> 
     </span>
     <span class='ocr_line' id='line_1_26' title="bbox 160 2951 1274 3021; baseline 0 -16"><span class='ocrx_word' id='word_1_215' title='bbox 160 2951 212 3015; x_wconf 75' lang='lat' dir='ltr'><strong>tis&#39;,</strong></span> <span class='ocrx_word' id='word_1_216' title='bbox 236 2954 388 3005; x_wconf 86' lang='lat' dir='ltr'><strong>Sarsinatis.</strong></span> <span class='ocrx_word' id='word_1_217' title='bbox 425 2952 616 3005; x_wconf 82' lang='lat' dir='ltr'><strong>Nominativum</strong></span> <span class='ocrx_word' id='word_1_218' title='bbox 639 2954 697 3005; x_wconf 82' lang='lat' dir='ltr'><strong>laet</strong></span> <span class='ocrx_word' id='word_1_219' title='bbox 716 2956 809 3006; x_wconf 86' lang='lat' dir='ltr'><strong>merito</strong></span> <span class='ocrx_word' id='word_1_220' title='bbox 831 2956 943 3021; x_wconf 83' lang='lat' dir='ltr'><strong>explosit</strong></span> <span class='ocrx_word' id='word_1_221' title='bbox 960 2956 1082 3007; x_wconf 90' lang='lat' dir='ltr'><strong>Struvius</strong></span> <span class='ocrx_word' id='word_1_222' title='bbox 1103 2956 1134 3006; x_wconf 90' lang='lat' dir='ltr'><strong>de</strong></span> <span class='ocrx_word' id='word_1_223' title='bbox 1152 2954 1224 3006; x_wconf 89' lang='lat' dir='ltr'><strong>Decl.</strong></span> <span class='ocrx_word' id='word_1_224' title='bbox 1246 2962 1274 3005; x_wconf 90' lang='lat' dir='ltr'><strong>ct</strong></span> 
     </span>
     <span class='ocr_line' id='line_1_27' title="bbox 162 3039 1271 3109; baseline -0.002 -17"><span class='ocrx_word' id='word_1_225' title='bbox 162 3039 271 3105; x_wconf 72' lang='lat' dir='ltr'><strong>Conjug.</strong></span> <span class='ocrx_word' id='word_1_226' title='bbox 287 3058 312 3109; x_wconf 89' lang='lat' dir='ltr'><strong>p.</strong></span> <span class='ocrx_word' id='word_1_227' title='bbox 328 3041 372 3096; x_wconf 77' lang='lat'><strong>20.</strong></span> <span class='ocrx_word' id='word_1_228' title='bbox 391 3041 437 3092; x_wconf 85' lang='lat' dir='ltr'><strong>sed</strong></span> <span class='ocrx_word' id='word_1_229' title='bbox 455 3041 486 3091; x_wconf 87' lang='lat' dir='ltr'><strong>dc</strong></span> <span class='ocrx_word' id='word_1_230' title='bbox 503 3056 613 3106; x_wconf 89' lang='lat' dir='ltr'><strong>npoccpc</strong></span> <span class='ocrx_word' id='word_1_231' title='bbox 632 3057 681 3090; x_wconf 92' lang='lat' dir='ltr'><strong>non</strong></span> <span class='ocrx_word' id='word_1_232' title='bbox 694 3042 779 3093; x_wconf 89' lang='lat' dir='ltr'><strong>minus</strong></span> <span class='ocrx_word' id='word_1_233' title='bbox 796 3050 878 3102; x_wconf 86' lang='lat' dir='ltr'><strong>erret,</strong></span> <span class='ocrx_word' id='word_1_234' title='bbox 898 3057 974 3109; x_wconf 87' lang='lat' dir='ltr'><strong>quam</strong></span> <span class='ocrx_word' id='word_1_235' title='bbox 989 3043 1069 3092; x_wconf 84' lang='lat' dir='ltr'><strong>ceteri</strong></span> <span class='ocrx_word' id='word_1_236' title='bbox 1086 3042 1130 3109; x_wconf 92' lang='lat' dir='ltr'><strong>qui</strong></span> <span class='ocrx_word' id='word_1_237' title='bbox 1144 3041 1271 3107; x_wconf 87' lang='lat' dir='ltr'><strong>Capenas,</strong></span> 
     </span>
     <span class='ocr_line' id='line_1_28' title="bbox 161 3125 1272 3193; baseline -0.001 -15"><span class='ocrx_word' id='word_1_238' title='bbox 161 3126 288 3193; x_wconf 71' lang='lat' dir='ltr'><strong>Arpinas,</strong></span> <span class='ocrx_word' id='word_1_239' title='bbox 313 3125 439 3186; x_wconf 86' lang='lat' dir='ltr'><strong>Urbinas,</strong></span> <span class='ocrx_word' id='word_1_240' title='bbox 465 3127 553 3192; x_wconf 88' lang='lat' dir='ltr'><strong>cujas,</strong></span> <span class='ocrx_word' id='word_1_241' title='bbox 578 3142 706 3188; x_wconf 87' lang='lat' dir='ltr'><strong>summus,</strong></span> <span class='ocrx_word' id='word_1_242' title='bbox 732 3136 850 3189; x_wconf 88' lang='lat' dir='ltr'><strong>nostrus,</strong></span> <span class='ocrx_word' id='word_1_243' title='bbox 877 3144 910 3179; x_wconf 88' lang='lat' dir='ltr'><strong>ex</strong></span> <span class='ocrx_word' id='word_1_244' title='bbox 931 3127 1068 3193; x_wconf 85' lang='lat' dir='ltr'><strong>Capenatis</strong></span> <span class='ocrx_word' id='word_1_245' title='bbox 1092 3136 1141 3178; x_wconf 86' lang='lat' dir='ltr'><strong>ete.</strong></span> <span class='ocrx_word' id='word_1_246' title='bbox 1169 3128 1272 3178; x_wconf 86' lang='lat' dir='ltr'><strong>concisa</strong></span> 
     </span>
     <span class='ocr_line' id='line_1_29' title="bbox 162 3209 1272 3287; baseline 0.002 -23"><span class='ocrx_word' id='word_1_247' title='bbox 162 3220 265 3287; x_wconf 79' lang='lat' dir='ltr'><strong>putant.</strong></span> <span class='ocrx_word' id='word_1_248' title='bbox 303 3211 471 3264; x_wconf 84' lang='lat' dir='ltr'><strong>Grammatici</strong></span> <span class='ocrx_word' id='word_1_249' title='bbox 488 3214 575 3278; x_wconf 68' lang='lat' dir='ltr'><strong>graeci</strong></span> <span class='ocrx_word' id='word_1_250' title='bbox 593 3214 656 3264; x_wconf 87' lang='lat' dir='ltr'><strong>baec</strong></span> <span class='ocrx_word' id='word_1_251' title='bbox 677 3213 709 3264; x_wconf 86' lang='lat' dir='ltr'><strong>ad</strong></span> <span class='ocrx_word' id='word_1_252' title='bbox 728 3214 882 3266; x_wconf 88' lang='lat' dir='ltr'><strong>anadromen</strong></span> <span class='ocrx_word' id='word_1_253' title='bbox 905 3214 1057 3265; x_wconf 85' lang='lat' dir='ltr'><strong>retulissent</strong></span> <span class='ocrx_word' id='word_1_254' title='bbox 1078 3221 1108 3263; x_wconf 87' lang='lat' dir='ltr'><strong>nt</strong></span> <span class='ocrx_word' id='word_1_255' title='bbox 1124 3209 1272 3282; x_wconf 79' lang='grc' dir='ltr'><strong><em>τόρβανστ,</em></strong></span> 
     </span>
     <span class='ocr_line' id='line_1_30' title="bbox 157 3289 1273 3374; baseline -0.003 -22"><span class='ocrx_word' id='word_1_256' title='bbox 157 3294 334 3367; x_wconf 71' lang='grc' dir='ltr'><strong><em>Ἀδρύμητα,</em></strong></span> <span class='ocrx_word' id='word_1_257' title='bbox 354 3289 488 3371; x_wconf 68' lang='grc' dir='ltr'><strong><em>χαροπόν,</em></strong></span> <span class='ocrx_word' id='word_1_258' title='bbox 508 3296 660 3374; x_wconf 74' lang='grc' dir='ltr'><strong><em>μόρτσρσι,</em></strong></span> <span class='ocrx_word' id='word_1_259' title='bbox 686 3316 732 3351; x_wconf 87' lang='lat' dir='ltr'><strong>uos</strong></span> <span class='ocrx_word' id='word_1_260' title='bbox 750 3300 886 3366; x_wconf 77' lang='lat' dir='ltr'><strong>paragogis</strong></span> <span class='ocrx_word' id='word_1_261' title='bbox 904 3302 1116 3359; x_wconf 76' lang='lat' dir='ltr'><strong>adnumeremus,</strong></span> <span class='ocrx_word' id='word_1_262' title='bbox 1142 3306 1173 3349; x_wconf 89' lang='lat' dir='ltr'><strong>ut</strong></span> <span class='ocrx_word' id='word_1_263' title='bbox 1190 3299 1273 3349; x_wconf 86' lang='lat' dir='ltr'><strong>iamn-</strong></span> 
     </span>
     <span class='ocr_line' id='line_1_31' title="bbox 161 3384 1277 3452; baseline 0 -15"><span class='ocrx_word' id='word_1_264' title='bbox 161 3385 220 3451; x_wconf 88' lang='lat' dir='ltr'><strong>lns‚</strong></span> <span class='ocrx_word' id='word_1_265' title='bbox 239 3385 397 3450; x_wconf 73' lang='lat' dir='ltr'><strong>morigerus,</strong></span> <span class='ocrx_word' id='word_1_266' title='bbox 417 3385 518 3447; x_wconf 84' lang='lat' dir='ltr'><strong>facilis,</strong></span> <span class='ocrx_word' id='word_1_267' title='bbox 538 3385 678 3447; x_wconf 87' lang='lat' dir='ltr'><strong>discordis,</strong></span> <span class='ocrx_word' id='word_1_268' title='bbox 698 3387 814 3438; x_wconf 86' lang='lat' dir='ltr'><strong>vulturis</strong></span> <span class='ocrx_word' id='word_1_269' title='bbox 835 3394 885 3437; x_wconf 87' lang='lat' dir='ltr'><strong>eto.</strong></span> <span class='ocrx_word' id='word_1_270' title='bbox 907 3384 988 3438; x_wconf 50' lang='lat' dir='ltr'><strong>¹Num</strong></span> <span class='ocrx_word' id='word_1_271' title='bbox 1004 3386 1046 3437; x_wconf 90' lang='lat' dir='ltr'><strong>cui</strong></span> <span class='ocrx_word' id='word_1_272' title='bbox 1064 3386 1168 3452; x_wconf 89' lang='lat' dir='ltr'><strong>probari</strong></span> <span class='ocrx_word' id='word_1_273' title='bbox 1186 3392 1277 3451; x_wconf 85' lang='lat' dir='ltr'><strong>potest·</strong></span> 
     </span>
     <span class='ocr_line' id='line_1_32' title="bbox 164 3470 1271 3539; baseline 0 -16"><span class='ocrx_word' id='word_1_274' title='bbox 164 3470 281 3537; x_wconf 75' lang='lat' dir='ltr'><strong>Campos</strong></span> <span class='ocrx_word' id='word_1_275' title='bbox 296 3486 398 3537; x_wconf 77' lang='lat' dir='ltr'><strong>genus,</strong></span> <span class='ocrx_word' id='word_1_276' title='bbox 423 3472 542 3539; x_wconf 76' lang='lat' dir='ltr'><strong>Arpinas</strong></span> <span class='ocrx_word' id='word_1_277' title='bbox 559 3475 614 3523; x_wconf 79' lang='lat' dir='ltr'><strong>iter</strong></span> <span class='ocrx_word' id='word_1_278' title='bbox 634 3487 681 3539; x_wconf 87' lang='lat' dir='ltr'><strong>per</strong></span> <span class='ocrx_word' id='word_1_279' title='bbox 704 3474 872 3525; x_wconf 87' lang='lat' dir='ltr'><strong>concisionem</strong></span> <span class='ocrx_word' id='word_1_280' title='bbox 896 3480 981 3525; x_wconf 87' lang='lat' dir='ltr'><strong>ortum</strong></span> <span class='ocrx_word' id='word_1_281' title='bbox 1004 3488 1061 3523; x_wconf 81' lang='lat' dir='ltr'><strong>csse</strong></span> <span class='ocrx_word' id='word_1_282' title='bbox 1083 3488 1117 3523; x_wconf 84' lang='lat' dir='ltr'><strong>ex</strong></span> <span class='ocrx_word' id='word_1_283' title='bbox 1138 3471 1271 3539; x_wconf 77' lang='lat' dir='ltr'><strong>Compare,</strong></span> 
     </span>
     <span class='ocr_line' id='line_1_33' title="bbox 161 3557 1072 3626; baseline -0.002 -15"><span class='ocrx_word' id='word_1_284' title='bbox 161 3557 308 3626; x_wconf 69' lang='lat' dir='ltr'><strong>Arpinate?</strong></span> <span class='ocrx_word' id='word_1_285' title='bbox 341 3557 419 3609; x_wconf 90' lang='lat' dir='ltr'><strong>lmmo</strong></span> <span class='ocrx_word' id='word_1_286' title='bbox 436 3558 540 3609; x_wconf 87' lang='lat' dir='ltr'><strong>brevior</strong></span> <span class='ocrx_word' id='word_1_287' title='bbox 557 3557 639 3609; x_wconf 86' lang='lat' dir='ltr'><strong>formu</strong></span> <span class='ocrx_word' id='word_1_288' title='bbox 657 3559 745 3609; x_wconf 88' lang='lat' dir='ltr'><strong>eadem</strong></span> <span class='ocrx_word' id='word_1_289' title='bbox 764 3559 930 3625; x_wconf 86' lang='lat' dir='ltr'><strong>principalior</strong></span> <span class='ocrx_word' id='word_1_290' title='bbox 947 3559 1072 3611; x_wconf 83' lang='lat' dir='ltr'><strong>habenda.</strong></span> 
     </span>
    </p>
   </div>
   <div class='ocr_carea' id='block_1_9' title="bbox 161 3659 1276 4160">
    <p class='ocr_par' dir='ltr' id='par_1_9' title="bbox 161 3659 1276 4160">
     <span class='ocr_line' id='line_1_34' title="bbox 236 3659 1273 3729; baseline 0.006 -22"><span class='ocrx_word' id='word_1_291' title='bbox 236 3659 277 3728; x_wconf 67' lang='grc'><strong>,2)</strong></span> <span class='ocrx_word' id='word_1_292' title='bbox 297 3660 336 3712; x_wconf 75' lang='lat' dir='ltr'><strong>ne</strong></span> <span class='ocrx_word' id='word_1_293' title='bbox 353 3661 482 3711; x_wconf 82' lang='lat' dir='ltr'><strong>industria</strong></span> <span class='ocrx_word' id='word_1_294' title='bbox 498 3662 661 3729; x_wconf 84' lang='lat' dir='ltr'><strong>praetermisi</strong></span> <span class='ocrx_word' id='word_1_295' title='bbox 679 3663 848 3713; x_wconf 83' lang='lat' dir='ltr'><strong>animantium</strong></span> <span class='ocrx_word' id='word_1_296' title='bbox 866 3662 968 3715; x_wconf 86' lang='lat' dir='ltr'><strong>uomina</strong></span> <span class='ocrx_word' id='word_1_297' title='bbox 986 3677 1002 3713; x_wconf 85' lang='lat' dir='ltr'><strong>a</strong></span> <span class='ocrx_word' id='word_1_298' title='bbox 1020 3662 1089 3713; x_wconf 85' lang='lat' dir='ltr'><strong>souis</strong></span> <span class='ocrx_word' id='word_1_299' title='bbox 1107 3661 1273 3713; x_wconf 89' lang='lat' dir='ltr'><strong>naturalibus</strong></span> 
     </span>
     <span class='ocr_line' id='line_1_35' title="bbox 162 3741 1273 3816; baseline -0.001 -17"><span class='ocrx_word' id='word_1_300' title='bbox 162 3747 241 3802; x_wconf 79' lang='lat' dir='ltr'><strong>ducta</strong></span> <span class='ocrx_word' id='word_1_301' title='bbox 258 3746 343 3816; x_wconf 78' lang='grc' dir='ltr'><strong><em>ἔποψ,</em></strong></span> <span class='ocrx_word' id='word_1_302' title='bbox 361 3743 429 3809; x_wconf 80' lang='grc' dir='ltr'><strong><em>τόαξ</em></strong></span> <span class='ocrx_word' id='word_1_303' title='bbox 445 3747 542 3816; x_wconf 70' lang='lat' dir='ltr'><strong>(rana),</strong></span> <span class='ocrx_word' id='word_1_304' title='bbox 561 3747 632 3816; x_wconf 77' lang='grc' dir='ltr'><strong><em>ίβσξ,</em></strong></span> <span class='ocrx_word' id='word_1_305' title='bbox 650 3748 709 3811; x_wconf 82' lang='grc' dir='ltr'><strong><em>ἴτσξ</em></strong></span> <span class='ocrx_word' id='word_1_306' title='bbox 727 3741 822 3815; x_wconf 81' lang='grc' dir='ltr'><strong><em>’σ’ρνεσν</em></strong></span> <span class='ocrx_word' id='word_1_307' title='bbox 837 3748 907 3801; x_wconf 89' lang='lat' dir='ltr'><strong>Suid.</strong></span> <span class='ocrx_word' id='word_1_308' title='bbox 929 3748 1051 3815; x_wconf 80' lang='lat' dir='ltr'><strong>(fortasse</strong></span> <span class='ocrx_word' id='word_1_309' title='bbox 1068 3748 1143 3808; x_wconf 90' lang='lat' dir='ltr'><strong>illud,</strong></span> <span class='ocrx_word' id='word_1_310' title='bbox 1163 3748 1189 3797; x_wconf 91' lang='lat' dir='ltr'><strong>in</strong></span> <span class='ocrx_word' id='word_1_311' title='bbox 1205 3748 1273 3815; x_wconf 90' lang='lat' dir='ltr'><strong>quod</strong></span> 
     </span>
     <span class='ocr_line' id='line_1_36' title="bbox 162 3824 1276 3905; baseline -0.001 -19"><span class='ocrx_word' id='word_1_312' title='bbox 162 3832 218 3903; x_wconf 84' lang='lat' dir='ltr'><strong>Itys</strong></span> <span class='ocrx_word' id='word_1_313' title='bbox 235 3840 354 3886; x_wconf 81' lang='lat' dir='ltr'><strong>mutatus</strong></span> <span class='ocrx_word' id='word_1_314' title='bbox 371 3834 423 3899; x_wconf 83' lang='lat' dir='ltr'><strong>est)</strong></span> <span class='ocrx_word' id='word_1_315' title='bbox 442 3831 498 3899; x_wconf 71' lang='grc' dir='ltr'><strong>ἴυγξ</strong></span> <span class='ocrx_word' id='word_1_316' title='bbox 505 3870 514 3897; x_wconf 84' lang='grc' dir='ltr'><strong><em>ι</em></strong></span> <span class='ocrx_word' id='word_1_317' title='bbox 529 3824 645 3897; x_wconf 70' lang='grc' dir='ltr'><strong><em>κόκκυξ,</em></strong></span> <span class='ocrx_word' id='word_1_318' title='bbox 663 3832 778 3903; x_wconf 80' lang='grc' dir='ltr'><strong><em>πίφιγξ,</em></strong></span> <span class='ocrx_word' id='word_1_319' title='bbox 799 3824 892 3905; x_wconf 78' lang='grc' dir='ltr'><strong><em>πσίσγξ</em></strong></span> <span class='ocrx_word' id='word_1_320' title='bbox 914 3836 969 3887; x_wconf 88' lang='lat' dir='ltr'><strong>sivc</strong></span> <span class='ocrx_word' id='word_1_321' title='bbox 989 3830 1077 3904; x_wconf 77' lang='grc' dir='ltr'><strong><em>φσίσξ,</em></strong></span> <span class='ocrx_word' id='word_1_322' title='bbox 1098 3830 1204 3896; x_wconf 80' lang='grc' dir='ltr'><strong><em>τέττιξ,</em></strong></span> <span class='ocrx_word' id='word_1_323' title='bbox 1225 3836 1276 3885; x_wconf 78' lang='grc' dir='ltr'><strong>τέ·</strong></span> 
     </span>
     <span class='ocr_line' id='line_1_37' title="bbox 161 3916 1271 3989; baseline -0.003 -17"><span class='ocrx_word' id='word_1_324' title='bbox 161 3917 247 3989; x_wconf 80' lang='grc' dir='ltr'><strong><em>τραξ,</em></strong></span> <span class='ocrx_word' id='word_1_325' title='bbox 268 3918 396 3989; x_wconf 75' lang='grc' dir='ltr'><strong><em>μέμβραξ</em></strong></span> <span class='ocrx_word' id='word_1_326' title='bbox 417 3935 443 3969; x_wconf 81' lang='lat' dir='ltr'><strong>v.</strong></span> <span class='ocrx_word' id='word_1_327' title='bbox 465 3919 613 3971; x_wconf 84' lang='lat' dir='ltr'><strong>Schneider.</strong></span> <span class='ocrx_word' id='word_1_328' title='bbox 633 3920 666 3971; x_wconf 88' lang='lat' dir='ltr'><strong>ud</strong></span> <span class='ocrx_word' id='word_1_329' title='bbox 682 3921 793 3972; x_wconf 83' lang='lat' dir='ltr'><strong>Aristut.</strong></span> <span class='ocrx_word' id='word_1_330' title='bbox 815 3919 845 3972; x_wconf 90' lang='lat' dir='ltr'><strong>T.</strong></span> <span class='ocrx_word' id='word_1_331' title='bbox 867 3920 908 3971; x_wconf 92' lang='lat' dir='ltr'><strong>lll.</strong></span> <span class='ocrx_word' id='word_1_332' title='bbox 929 3918 988 3972; x_wconf 79' lang='lat'><strong>387.</strong></span> <span class='ocrx_word' id='word_1_333' title='bbox 1015 3926 1042 3970; x_wconf 88' lang='lat' dir='ltr'><strong>ct</strong></span> <span class='ocrx_word' id='word_1_334' title='bbox 1062 3918 1095 3969; x_wconf 87' lang='lat' dir='ltr'><strong>ad</strong></span> <span class='ocrx_word' id='word_1_335' title='bbox 1111 3918 1213 3970; x_wconf 86' lang='lat' dir='ltr'><strong>Aelian.</strong></span> <span class='ocrx_word' id='word_1_336' title='bbox 1233 3916 1271 3970; x_wconf 90' lang='lat' dir='ltr'><strong>X.</strong></span> 
     </span>
     <span class='ocr_line' id='line_1_38' title="bbox 162 3990 1275 4077; baseline -0.001 -19"><span class='ocrx_word' id='word_1_337' title='bbox 162 4007 206 4058; x_wconf 77' lang='lat' dir='ltr'><strong>li.</strong></span> <span class='ocrx_word' id='word_1_338' title='bbox 226 3990 482 4073; x_wconf 38' lang='lat' dir='ltr'><strong>quornm&#39;nonunllis</strong></span> <span class='ocrx_word' id='word_1_339' title='bbox 500 4007 580 4058; x_wconf 87' lang='lat' dir='ltr'><strong>verba</strong></span> <span class='ocrx_word' id='word_1_340' title='bbox 596 4005 698 4070; x_wconf 82' lang='lat' dir='ltr'><strong>adjectu</strong></span> <span class='ocrx_word' id='word_1_341' title='bbox 717 4014 793 4067; x_wconf 89' lang='lat' dir='ltr'><strong>sunt,</strong></span> <span class='ocrx_word' id='word_1_342' title='bbox 812 4003 965 4077; x_wconf 81' lang='grc' dir='ltr'><strong><em>τετρόζιιν,</em></strong></span> <span class='ocrx_word' id='word_1_343' title='bbox 982 4004 1104 4067; x_wconf 73' lang='grc' dir='ltr'><strong><em>σιτίζειν,</em></strong></span> <span class='ocrx_word' id='word_1_344' title='bbox 1121 4000 1275 4073; x_wconf 75' lang='grc' dir='ltr'><strong><em>βαβρίζειν</em></strong></span> 
     </span>
     <span class='ocr_line' id='line_1_39' title="bbox 162 4091 1273 4160; baseline -0.003 -16"><span class='ocrx_word' id='word_1_345' title='bbox 162 4099 213 4144; x_wconf 87' lang='lat' dir='ltr'><strong>etc.</strong></span> <span class='ocrx_word' id='word_1_346' title='bbox 238 4091 406 4144; x_wconf 84' lang='lat' dir='ltr'><strong>Praetermisi</strong></span> <span class='ocrx_word' id='word_1_347' title='bbox 422 4098 508 4143; x_wconf 86' lang='lat' dir='ltr'><strong>autem</strong></span> <span class='ocrx_word' id='word_1_348' title='bbox 523 4099 669 4159; x_wconf 85' lang='lat' dir='ltr'><strong>propterca,</strong></span> <span class='ocrx_word' id='word_1_349' title='bbox 685 4094 758 4160; x_wconf 84' lang='lat' dir='ltr'><strong>quia,</strong></span> <span class='ocrx_word' id='word_1_350' title='bbox 778 4092 828 4143; x_wconf 90' lang='lat' dir='ltr'><strong>nisi</strong></span> <span class='ocrx_word' id='word_1_351' title='bbox 844 4092 870 4143; x_wconf 90' lang='lat' dir='ltr'><strong>in</strong></span> <span class='ocrx_word' id='word_1_352' title='bbox 887 4093 1014 4155; x_wconf 84' lang='lat' dir='ltr'><strong>omnibus,</strong></span> <span class='ocrx_word' id='word_1_353' title='bbox 1033 4098 1104 4145; x_wconf 86' lang='lat' dir='ltr'><strong>certe</strong></span> <span class='ocrx_word' id='word_1_354' title='bbox 1118 4092 1145 4143; x_wconf 91' lang='lat' dir='ltr'><strong>in</strong></span> <span class='ocrx_word' id='word_1_355' title='bbox 1161 4106 1273 4159; x_wconf 87' lang='lat' dir='ltr'><strong>upupae,</strong></span> 
     </span>
    </p>
   </div>
   <div class='ocr_carea' id='block_1_10' title="bbox 164 4178 982 4306">
    <p class='ocr_par' dir='ltr' id='par_1_10' title="bbox 164 4178 982 4306">
     <span class='ocr_line' id='line_1_40' title="bbox 164 4178 982 4235; baseline -0.002 -2"><span class='ocrx_word' id='word_1_356' title='bbox 164 4194 244 4233; x_wconf 84' lang='lat' dir='ltr'><strong>ranae</strong></span> <span class='ocrx_word' id='word_1_357' title='bbox 262 4185 290 4232; x_wconf 85' lang='lat' dir='ltr'><strong>ct</strong></span> <span class='ocrx_word' id='word_1_358' title='bbox 306 4178 391 4231; x_wconf 82' lang='lat' dir='ltr'><strong>cuculi</strong></span> <span class='ocrx_word' id='word_1_359' title='bbox 409 4178 509 4231; x_wconf 86' lang='lat' dir='ltr'><strong>nominc</strong></span> <span class='ocrx_word' id='word_1_360' title='bbox 526 4193 638 4231; x_wconf 83' lang='lat' dir='ltr'><strong>consona</strong></span> <span class='ocrx_word' id='word_1_361' title='bbox 655 4180 746 4233; x_wconf 78' lang='lat' dir='ltr'><strong>nativa</strong></span> <span class='ocrx_word' id='word_1_362' title='bbox 762 4180 847 4235; x_wconf 80' lang='lat' dir='ltr'><strong>inesse</strong></span> <span class='ocrx_word' id='word_1_363' title='bbox 864 4179 982 4233; x_wconf 84' lang='lat' dir='ltr'><strong>videtur.</strong></span> 
     </span>
     <span class='ocr_line' id='line_1_41' title="bbox 264 4275 283 4306; baseline 0 0"><span class='ocrx_word' id='word_1_364' title='bbox 264 4275 283 4306; x_wconf 71' lang='lat' dir='ltr'><em>l</em></span> 
     </span>
    </p>
   </div>
   <div class='ocr_carea' id='block_1_11' title="bbox 0 0 1401 4725">
    <p class='ocr_par' dir='ltr' id='par_1_11' title="bbox 0 0 1401 4725">
     <span class='ocr_line' id='line_1_42' title="bbox 0 0 1401 4725; baseline 0 0"><span class='ocrx_word' id='word_1_365' title='bbox 0 0 1401 4725; x_wconf 95' lang='lat' dir='ltr'><strong> </strong></span> 
     </span>
    </p>
   </div>
  </div>
 </body>
</html>
