2792 4725
216 298 267 386 ot
458 371 463 378 .
548 325 553 338 ·
592 317 915 387 n1ssnnrarto
939 321 989 388 a*

151 459 157 470 .
820 441 834 472 Ο
1293 461 1298 474 ι

217 498 322 565 Maon
341 497 408 563 und
423 497 528 576 Weib,
553 496 646 565 Weib
664 498 731 564 und
745 499 1025 586 rzudrppruss
1046 501 1112 568 uod
1130 503 1223 580 dleuiu
1244 503 1313 568 iden

220 600 422 682 Quintilianus
444 600 588 686 praecipit
608 600 664 664 lX.
688 600 728 677 4,
750 601 806 668 24.
839 608 888 668 cst
911 615 945 667 et
966 605 1048 668 alius
1071 607 1223 670 naturalis
1246 605 1313 668 ordo

219 715 257 768 att
277 707 362 769 viror
385 725 424 768 ao
439 702 600 787 feremus,
633 713 734 766 ortum
758 713 790 766 et
810 711 950 768 occasuro
973 705 1060 770 dieas
1081 709 1203 792 potius,
1232 727 1313 792 quau
1390 783 1391 796 p

218 816 403 870 retrorsum.
447 805 545 889 Atque
567 803 623 868 hnc
644 806 731 870 modo
754 807 862 893 dicitur
883 801 968 898 α’ρχῆ
991 809 1048 874 aot
1068 809 1177 886 τέλος,
1206 806 1314 875 duduco
1390 801 1391 874 l

218 908 275 976 col
292 910 425 996 λαβεῖν,
445 909 499 972 sed
518 929 575 971 nec
591 908 643 972 ill'a
661 909 868 992 improbantur
884 910 972 998 γυνή
989 911 1046 976 rol
1065 907 1152 997 dudo
1171 910 1310 986 bemont.
1390 905 1391 992 l

218 1009 448 1096 p.1017,12.
486 1005 583 1095 κόραι
606 1010 663 1077 rol
684 1007 900 1095 adpotstrat.
922 1013 966 1077 X.
990 1011 1065 1077 467.
1096 1014 1209 1078 Liban-
1224 1013 1256 1075 T.
1278 1011 1311 1076 ll.
1390 1045 1391 1078 t

217 1112 293 1177 417.
317 1122 424 1176 noctes
445 1121 478 1175 et
494 1107 564 1176 'dies
581 1113 797 1180 ·v.·.lleindorl.
821 1114 858 1178 ad
880 1113 952 1178 Har.
979 1115 1041 1180 Sat.
1067 1114 1149 1180 151.
1173 1113 1224 1180 76.
1247 1107 1314 1202 ἄχρι

219 1216 338 1289 silone
358 1211 424 1283 ἀπ’
445 1211 548 1303 α’ρχῆς
571 1215 650 1280 Plut.
674 1216 711 1279 de
731 1215 833 1278 Anius.
858 1215 960 1280 Proo'r.
985 1219 1029 1281 X.
1052 1216 1127 1284 298.
1156 1237 1248 1300 neque
1269 1235 1314 1278 ua·

220 1319 348 1384 turalerd
371 1319 481 1391 solum,
506 1319 558 1380 sed
580 1317 740 1401 positivum
763 1339 877 1402 quoque
900 1319 1035 1384 ordinem
1057 1319 1218 1404 permutari
1239 1319 1316 1380 docet

146 1481 158 1507 ,
219 1419 389 1484 Priscianus
405 1417 504 1482 XVll.
524 1417 555 1481 1.
576 1440 604 1501 p.
622 1417 655 1483 9.
678 1418 750 1506 Nep
770 1441 832 1482 nou
855 1423 947 1484 etiam
969 1422 1064 1486 dictio
1086 1429 1313 1494 transmutatur,

218 1533 256 1587 ut
270 1522 373 1608 plebis
395 1521 537 1586 mornas
553 1542 615 1606 pru
638 1520 780 1590 ribubus
793 1522 906 1606 plebis,
931 1533 964 1586 et
977 1523 1107 1609 publica
1124 1533 1176 1591 reso
1193 1543 1251 1608 pru
1269 1541 1315 1584 res

212 1624 362 1711 publium
391 1624 548 1688 orationes
569 1644 703 1708 quoquc,
726 1633 764 1688 at
782 1625 916 1688 nutriuit
926 1624 1018 1709 filios
1040 1635 1073 1690 et
1086 1629 1224 1712 peperit,
1247 1622 1315 1707 qnod

219 1737 267 1792 est
284 1726 467 1790 homericum
486 1725 540 1790 od.
557 1725 627 1789 Xll.
647 1723 720 1788 134.
744 1723 805 1800 uuio
821 1729 889 1811 μὲν
910 1721 977 1812 ἄρα
995 1728 1160 1817 θρέψασα
1182 1720 1314 1794 τεκοῦσά
1390 1739 1391 1742 ’

216 1855 265 1910 aa,
287 1851 305 1892 6
320 1827 487 1894 Rhetoricis
503 1849 593 1912 saepe
611 1827 766 1914 hyperbati
786 1847 875 1892 causa
894 1830 1065 1897 adnotatum
1085 1853 1119 1894 v.
1134 1831 1314 1894 Phoebeum.

218 1932 275 1996 17.·
289 1929 363 1996 562.
381 1930 530 1995 Cocondr.
545 1930 616 1994 XV.
632 1929 708 1996 792.
725 1930 761 2014 T,
779 1929 856 1996 Vlll.
876 1932 915 1996 cl.
933 1932 1088 1997 Sobaeler.
1104 1933 1209 1998 Melet.
1226 1953 1254 2016 p.
1269 1927 1315 1994 16.

218 2033 410 2098 Consuetudo
432 2034 540 2109 evicit,
570 2043 604 2098 ut
624 2033 744 2096 indicta
765 2055 879 2112 eausa,
902 2055 992 2104 uersa
1014 2037 1097 2112 otae,
1121 2055 1184 2100 saa
1204 2041 1316 2120 sponte,

218 2157 301 2223 apoto
319 2145 351 2200 et
368 2138 440 2221 igni
453 2134 639 2227 ottadicere
654 2135 700 2216 (v.
717 2135 1049 2206 sternutantes.
1066 2149 1099 2201 et
1112 2139 1194 2224 conj.
1212 2159 1241 2222 p.
1254 2133 1319 2218 32.)
1390 2153 1391 2156 ’

218 2238 322 2302 eodem
344 2258 462 2322 semper
483 2237 588 2305 ardue
609 2237 849 2314 collocarentur,
879 2260 966 2322 quem
989 2241 1137 2306 excedere
1160 2240 1234 2304 solis
1255 2255 1318 2322 poe·

217 2340 257 2405 tis
280 2359 474 2415 concessum
496 2359 532 2406 66
553 2338 666 2432 pariter
686 2338 748 2409 lixa
770 2338 911 2405 videntur
931 2341 1029 2407 Labor
1043 2352 1142 2427 poter
1164 2342 1213 2429 (ut
1231 2341 1319 2407 Mars·

216 2442 307 2528 piter,
328 2442 489 2527 Diespiter,
514 2442 566 2507 sed
584 2442 698 2506 Matuta
720 2453 817 2517 mater
838 2453 869 2536 et
890 2446 1027 2529 contra),
1049 2454 1147 2530 puter
1162 2453 1318 2532 patratus,

211 2543 355 2632 praecluis
370 2544 603 2629 praedibusque
623 2544 741 2637 aliaque
761 2546 797 2609 ad
811 2544 861 2629 Aj.
881 2544 1002 2629 p.·138.
1030 2549 1180 2613 cumulata
1200 2558 1231 2613 et
1249 2564 1320 2629 quac

212 2647 291 2733 juris
315 2645 444 2713 consulti
465 2647 654 2730 suppeditant
674 2657 832 2711 castrense
846 2649 1023 2731 peculiam,
1054 2652 1087 2713 ia
1107 2672 1233 2715 manum
1254 2668 1320 2711 ono·

216 2750 331 2815 66666.
376 2748 461 2812 Ratio
483 2769 558 2813 vero
580 2749 707 2824 sanxit,
730 2758 764 2813 ut
784 2769 893 2811 nomen
915 2750 1037 2833 gravius
1059 2762 1261 2835 anteponatur
1281 2748 1321 2813 le·

215 2851 315 2926 riori,
345 2861 540 2935 postponatur
559 2862 661 2915 antem
682 2850 846 2928 deliniens,
878 2853 953 2934 quod
975 2852 1101 2933 dicitur,
1134 2852 1319 2928 definiendop

216 2954 269 3017 sed
291 2953 366 3016 baec
387 2953 464 3015 ratio
485 2952 655 3017 revincitur
675 2974 764 3037 saepe
782 2952 862 3027 aliis,
886 2973 961 3035 quae
981 2976 1022 3019 ex
1041 2956 1161 3039 propria
1180 2956 1321 3040 cujusque

216 3053 274 3117 loci
297 3053 532 3118 conforrnatione
554 3057 685 3138 pendent
707 3076 803 3138 neque
825 3054 939 3137 regulis
961 3057 1067 3142 subjici
1089 3068 1228 3141 possunt.
1265 3055 1321 3119 Cu-

211 3157 263 3240 jus
285 3156 331 3221 rei
352 3178 444 3219 unum
467 3178 484 3220 e
506 3157 620 3232 multis,
644 3178 719 3241 quae
742 3146 913 3240 suppetunt,
938 3159 1085 3243 exemplis
1107 3161 1247 3245 adJiciam
1270 3154 1323 3225 tt-

214 3281 261 3344 γῳ
287 3257 344 3324 uul
365 3261 447 3345 ἔργῳ
476 3258 508 3321 iu
530 3258 568 3321 11.
592 3258 648 3343 Ερ.
672 3260 708 3322 ad
730 3259 865 3322 Thessal.
891 3258 928 3321 ll.
953 3259 1005 3323 17.
1038 3261 1088 3325 ubi
1109 3262 1141 3326 iu
1164 3260 1269 3325 multis
1294 3270 1323 3324 et
1364 3342 1366 3347 Ι

215 3359 376 3423 luculentis
399 3362 482 3424 codd.
507 3364 648 3446 scriptum
671 3365 753 3449 ἔργῳ
776 3361 833 3427 aul
851 3353 953 3449 λόγῳ,
975 3364 1206 3448 ut.saepissinue
1226 3364 1321 3438 Plato,

216 3471 248 3524 et
275 3455 355 3527 οὔτε
381 3458 568 3552 ἔργῳ-οὔτε
593 3457 677 3553 λόγῳ
708 3462 862 3527 Demostb.
889 3484 916 3526 c.
940 3463 1050 3527 Neaer.
1077 3464 1178 3543 1345,
1202 3465 1236 3531 8.
1270 3487 1322 3551 pro

215 3584 272 3646 qun
295 3563 449 3629 bekkerus
478 3588 494 3630 6
522 3567 658 3651 plurimis
688 3568 779 3633 edidit
806 3559 885 3633 οὔτε
912 3557 996 3654 λόγῳ
1026 3561 1105 3633 orire
1131 3572 1236 3657 ἔργῳ,
1270 3570 1327 3655 poi

215 3664 310 3741 ordo,
343 3678 378 3731 ut
399 3668 577 3734 Scbaeferus
601 3671 663 3751 ait,
695 3672 728 3733 in
756 3666 805 3733 luas
831 3668 1035 3732 locutionibus
1060 3671 1217 3735 solernrub.
1265 3671 1325 3735 Sed

214 3765 271 3829 vix
292 3768 480 3854 dieifpotesr,
503 3772 808 3848 utrumsolemniusr
839 3766 918 3837 onius
939 3774 1021 3857 ἔργῳ
1045 3766 1124 3837 οὔτε
1144 3768 1231 3861 λόγῳ
1251 3773 1324 3855 Ηίρ-

212 3886 295 3976 poor.
323 3872 359 3936 de
382 3874 505 3959 Septim.
534 3897 565 3961 p.
588 3875 664 3940 447.
701 3874 835 3961 Epidem.
860 3872 899 3939 V.
923 3871 997 3937 552.
1029 3872 1066 3936 Τ.
1091 3872 1142 3937 111.
1177 3896 1217 3938 au
1242 3868 1324 3941 οὔτε

213 4021 423 4042 ᾖ

282 4109 327 4177 72)
351 4114 443 4169 Graeci
460 4118 605 4185 prorniscue
623 4110 718 4169 naidas
733 4112 913 4182 eripuerisne
936 4122 963 4165 ct
980 4115 1097 4183 paratim
1111 4120 1159 4169 sol
1173 4109 1272 4171 caudae
1293 4132 1324 4167 ν.

212 4189 356 4253 bloctzner.
374 4205 407 4255 od
422 4204 538 4275 Lycurg.
558 4220 589 4271 p.
604 4202 647 4256 75.
672 4199 786 4251 Sintcnis
804 4200 836 4250 ad
853 4198 923 4251 Plat.
943 4198 1123 4252 rhomum.
1143 4202 1187 4255 68.
